%YAML 1.1
%TAG !u! tag:unity3d.com,2011:
--- !u!1 &149323969212243046
GameObject:
  m_ObjectHideFlags: 0
  m_CorrespondingSourceObject: {fileID: 0}
  m_PrefabInstance: {fileID: 0}
  m_PrefabAsset: {fileID: 0}
  serializedVersion: 6
  m_Component:
  - component: {fileID: 226132256216931525}
  - component: {fileID: 6490319477360938858}
  m_Layer: 0
  m_Name: Point (7)
  m_TagString: Untagged
  m_Icon: {fileID: 7422848464349959988, guid: 0000000000000000d000000000000000, type: 0}
  m_NavMeshLayer: 0
  m_StaticEditorFlags: 0
  m_IsActive: 1
--- !u!4 &226132256216931525
Transform:
  m_ObjectHideFlags: 0
  m_CorrespondingSourceObject: {fileID: 0}
  m_PrefabInstance: {fileID: 0}
  m_PrefabAsset: {fileID: 0}
  m_GameObject: {fileID: 149323969212243046}
  m_LocalRotation: {x: -0, y: -0.8547323, z: -0, w: -0.5190692}
  m_LocalPosition: {x: 20.099998, y: -3, z: -11.9}
  m_LocalScale: {x: 1, y: 1, z: 1}
  m_Children: []
  m_Father: {fileID: 4307887885325414252}
  m_RootOrder: 7
  m_LocalEulerAnglesHint: {x: 0, y: -242.54001, z: 0}
--- !u!114 &6490319477360938858
MonoBehaviour:
  m_ObjectHideFlags: 0
  m_CorrespondingSourceObject: {fileID: 0}
  m_PrefabInstance: {fileID: 0}
  m_PrefabAsset: {fileID: 0}
  m_GameObject: {fileID: 149323969212243046}
  m_Enabled: 1
  m_EditorHideFlags: 0
  m_Script: {fileID: 11500000, guid: 5852f10a92c8139408b4ec2274f5c7a3, type: 3}
  m_Name: 
  m_EditorClassIdentifier: 
  _animationName: idle
  _waitTime: {x: 1, y: 2}
--- !u!1 &512793930496942088
GameObject:
  m_ObjectHideFlags: 0
  m_CorrespondingSourceObject: {fileID: 0}
  m_PrefabInstance: {fileID: 0}
  m_PrefabAsset: {fileID: 0}
  serializedVersion: 6
  m_Component:
  - component: {fileID: 4069405787150528787}
  - component: {fileID: 6270653112888995023}
  m_Layer: 0
  m_Name: Point (2)
  m_TagString: Untagged
  m_Icon: {fileID: 7422848464349959988, guid: 0000000000000000d000000000000000, type: 0}
  m_NavMeshLayer: 0
  m_StaticEditorFlags: 0
  m_IsActive: 1
--- !u!4 &4069405787150528787
Transform:
  m_ObjectHideFlags: 0
  m_CorrespondingSourceObject: {fileID: 0}
  m_PrefabInstance: {fileID: 0}
  m_PrefabAsset: {fileID: 0}
  m_GameObject: {fileID: 512793930496942088}
  m_LocalRotation: {x: -0, y: -0.8547323, z: -0, w: -0.5190692}
  m_LocalPosition: {x: 49.800007, y: -3, z: 14.2}
  m_LocalScale: {x: 1, y: 1, z: 1}
  m_Children: []
  m_Father: {fileID: 4307887885325414252}
  m_RootOrder: 2
  m_LocalEulerAnglesHint: {x: 0, y: -242.54001, z: 0}
--- !u!114 &6270653112888995023
MonoBehaviour:
  m_ObjectHideFlags: 0
  m_CorrespondingSourceObject: {fileID: 0}
  m_PrefabInstance: {fileID: 0}
  m_PrefabAsset: {fileID: 0}
  m_GameObject: {fileID: 512793930496942088}
  m_Enabled: 1
  m_EditorHideFlags: 0
  m_Script: {fileID: 11500000, guid: 5852f10a92c8139408b4ec2274f5c7a3, type: 3}
  m_Name: 
  m_EditorClassIdentifier: 
  _animationName: idle
  _waitTime: {x: 0, y: 0}
--- !u!1 &515002612090050777
GameObject:
  m_ObjectHideFlags: 0
  m_CorrespondingSourceObject: {fileID: 0}
  m_PrefabInstance: {fileID: 0}
  m_PrefabAsset: {fileID: 0}
  serializedVersion: 6
  m_Component:
  - component: {fileID: 6295776120692224465}
  - component: {fileID: 6448275587159541586}
  m_Layer: 0
  m_Name: Point (7)
  m_TagString: Untagged
  m_Icon: {fileID: -5442936267250999957, guid: 0000000000000000d000000000000000, type: 0}
  m_NavMeshLayer: 0
  m_StaticEditorFlags: 0
  m_IsActive: 1
--- !u!4 &6295776120692224465
Transform:
  m_ObjectHideFlags: 0
  m_CorrespondingSourceObject: {fileID: 0}
  m_PrefabInstance: {fileID: 0}
  m_PrefabAsset: {fileID: 0}
  m_GameObject: {fileID: 515002612090050777}
  m_LocalRotation: {x: -0, y: -0.93838793, z: -0, w: -0.3455838}
  m_LocalPosition: {x: 19.100006, y: -3, z: 7.8}
  m_LocalScale: {x: 1, y: 1, z: 1}
  m_Children: []
  m_Father: {fileID: 2287655110732688127}
  m_RootOrder: 7
  m_LocalEulerAnglesHint: {x: 0, y: -220.435, z: 0}
--- !u!114 &6448275587159541586
MonoBehaviour:
  m_ObjectHideFlags: 0
  m_CorrespondingSourceObject: {fileID: 0}
  m_PrefabInstance: {fileID: 0}
  m_PrefabAsset: {fileID: 0}
  m_GameObject: {fileID: 515002612090050777}
  m_Enabled: 1
  m_EditorHideFlags: 0
  m_Script: {fileID: 11500000, guid: 5852f10a92c8139408b4ec2274f5c7a3, type: 3}
  m_Name: 
  m_EditorClassIdentifier: 
  _animationName: idle
  _waitTime: {x: 0, y: 0}
--- !u!1 &864675922852198407
GameObject:
  m_ObjectHideFlags: 0
  m_CorrespondingSourceObject: {fileID: 0}
  m_PrefabInstance: {fileID: 0}
  m_PrefabAsset: {fileID: 0}
  serializedVersion: 6
  m_Component:
  - component: {fileID: 8405061322223466682}
  - component: {fileID: 7356301254040737097}
  m_Layer: 0
  m_Name: Point (9)
  m_TagString: Untagged
  m_Icon: {fileID: -5442936267250999957, guid: 0000000000000000d000000000000000, type: 0}
  m_NavMeshLayer: 0
  m_StaticEditorFlags: 0
  m_IsActive: 1
--- !u!4 &8405061322223466682
Transform:
  m_ObjectHideFlags: 0
  m_CorrespondingSourceObject: {fileID: 0}
  m_PrefabInstance: {fileID: 0}
  m_PrefabAsset: {fileID: 0}
  m_GameObject: {fileID: 864675922852198407}
  m_LocalRotation: {x: -0, y: -0.93838793, z: -0, w: -0.3455838}
  m_LocalPosition: {x: 23.599997, y: -3, z: -19.5}
  m_LocalScale: {x: 1, y: 1, z: 1}
  m_Children: []
  m_Father: {fileID: 2287655110732688127}
  m_RootOrder: 9
  m_LocalEulerAnglesHint: {x: 0, y: -220.435, z: 0}
--- !u!114 &7356301254040737097
MonoBehaviour:
  m_ObjectHideFlags: 0
  m_CorrespondingSourceObject: {fileID: 0}
  m_PrefabInstance: {fileID: 0}
  m_PrefabAsset: {fileID: 0}
  m_GameObject: {fileID: 864675922852198407}
  m_Enabled: 1
  m_EditorHideFlags: 0
  m_Script: {fileID: 11500000, guid: 5852f10a92c8139408b4ec2274f5c7a3, type: 3}
  m_Name: 
  m_EditorClassIdentifier: 
  _animationName: idle
  _waitTime: {x: 1, y: 2}
--- !u!1 &943507406302682894
GameObject:
  m_ObjectHideFlags: 0
  m_CorrespondingSourceObject: {fileID: 0}
  m_PrefabInstance: {fileID: 0}
  m_PrefabAsset: {fileID: 0}
  serializedVersion: 6
  m_Component:
  - component: {fileID: 2507304742495366284}
  - component: {fileID: 5609650017135679405}
  m_Layer: 0
  m_Name: Point (11)
  m_TagString: Untagged
  m_Icon: {fileID: 7148428337604731935, guid: 0000000000000000d000000000000000, type: 0}
  m_NavMeshLayer: 0
  m_StaticEditorFlags: 0
  m_IsActive: 1
--- !u!4 &2507304742495366284
Transform:
  m_ObjectHideFlags: 0
  m_CorrespondingSourceObject: {fileID: 0}
  m_PrefabInstance: {fileID: 0}
  m_PrefabAsset: {fileID: 0}
  m_GameObject: {fileID: 943507406302682894}
  m_LocalRotation: {x: -0, y: -0.93838793, z: -0, w: -0.3455838}
  m_LocalPosition: {x: 35.100002, y: -3, z: -9.1}
  m_LocalScale: {x: 1, y: 1, z: 1}
  m_Children: []
  m_Father: {fileID: 296989685967153574}
  m_RootOrder: 11
  m_LocalEulerAnglesHint: {x: 0, y: -220.435, z: 0}
--- !u!114 &5609650017135679405
MonoBehaviour:
  m_ObjectHideFlags: 0
  m_CorrespondingSourceObject: {fileID: 0}
  m_PrefabInstance: {fileID: 0}
  m_PrefabAsset: {fileID: 0}
  m_GameObject: {fileID: 943507406302682894}
  m_Enabled: 1
  m_EditorHideFlags: 0
  m_Script: {fileID: 11500000, guid: 5852f10a92c8139408b4ec2274f5c7a3, type: 3}
  m_Name: 
  m_EditorClassIdentifier: 
  _animationName: idle
  _waitTime: {x: 1, y: 2}
--- !u!1 &1156017687217164448
GameObject:
  m_ObjectHideFlags: 0
  m_CorrespondingSourceObject: {fileID: 0}
  m_PrefabInstance: {fileID: 0}
  m_PrefabAsset: {fileID: 0}
  serializedVersion: 6
  m_Component:
  - component: {fileID: 9015809995244842210}
  - component: {fileID: 1099903246084532539}
  m_Layer: 0
  m_Name: Point (7)
  m_TagString: Untagged
  m_Icon: {fileID: 7148428337604731935, guid: 0000000000000000d000000000000000, type: 0}
  m_NavMeshLayer: 0
  m_StaticEditorFlags: 0
  m_IsActive: 1
--- !u!4 &9015809995244842210
Transform:
  m_ObjectHideFlags: 0
  m_CorrespondingSourceObject: {fileID: 0}
  m_PrefabInstance: {fileID: 0}
  m_PrefabAsset: {fileID: 0}
  m_GameObject: {fileID: 1156017687217164448}
  m_LocalRotation: {x: -0, y: -0.93838793, z: -0, w: -0.3455838}
  m_LocalPosition: {x: 35, y: -3, z: -20.3}
  m_LocalScale: {x: 1, y: 1, z: 1}
  m_Children: []
  m_Father: {fileID: 296989685967153574}
  m_RootOrder: 7
  m_LocalEulerAnglesHint: {x: 0, y: -220.435, z: 0}
--- !u!114 &1099903246084532539
MonoBehaviour:
  m_ObjectHideFlags: 0
  m_CorrespondingSourceObject: {fileID: 0}
  m_PrefabInstance: {fileID: 0}
  m_PrefabAsset: {fileID: 0}
  m_GameObject: {fileID: 1156017687217164448}
  m_Enabled: 1
  m_EditorHideFlags: 0
  m_Script: {fileID: 11500000, guid: 5852f10a92c8139408b4ec2274f5c7a3, type: 3}
  m_Name: 
  m_EditorClassIdentifier: 
  _animationName: idle
  _waitTime: {x: 0, y: 0}
--- !u!1 &1463259746717089707
GameObject:
  m_ObjectHideFlags: 0
  m_CorrespondingSourceObject: {fileID: 0}
  m_PrefabInstance: {fileID: 0}
  m_PrefabAsset: {fileID: 0}
  serializedVersion: 6
  m_Component:
  - component: {fileID: 4878101911007794750}
  - component: {fileID: 6319192633719342989}
  m_Layer: 0
  m_Name: Point (6)
  m_TagString: Untagged
  m_Icon: {fileID: 7148428337604731935, guid: 0000000000000000d000000000000000, type: 0}
  m_NavMeshLayer: 0
  m_StaticEditorFlags: 0
  m_IsActive: 1
--- !u!4 &4878101911007794750
Transform:
  m_ObjectHideFlags: 0
  m_CorrespondingSourceObject: {fileID: 0}
  m_PrefabInstance: {fileID: 0}
  m_PrefabAsset: {fileID: 0}
  m_GameObject: {fileID: 1463259746717089707}
  m_LocalRotation: {x: -0, y: -0.93838793, z: -0, w: -0.3455838}
  m_LocalPosition: {x: 25.6, y: -3, z: -2.9}
  m_LocalScale: {x: 1, y: 1, z: 1}
  m_Children: []
  m_Father: {fileID: 296989685967153574}
  m_RootOrder: 6
  m_LocalEulerAnglesHint: {x: 0, y: -220.435, z: 0}
--- !u!114 &6319192633719342989
MonoBehaviour:
  m_ObjectHideFlags: 0
  m_CorrespondingSourceObject: {fileID: 0}
  m_PrefabInstance: {fileID: 0}
  m_PrefabAsset: {fileID: 0}
  m_GameObject: {fileID: 1463259746717089707}
  m_Enabled: 1
  m_EditorHideFlags: 0
  m_Script: {fileID: 11500000, guid: 5852f10a92c8139408b4ec2274f5c7a3, type: 3}
  m_Name: 
  m_EditorClassIdentifier: 
  _animationName: idle
  _waitTime: {x: 3, y: 4}
--- !u!1 &1573918412970301782
GameObject:
  m_ObjectHideFlags: 0
  m_CorrespondingSourceObject: {fileID: 0}
  m_PrefabInstance: {fileID: 0}
  m_PrefabAsset: {fileID: 0}
  serializedVersion: 6
  m_Component:
  - component: {fileID: 2629550789537771024}
  - component: {fileID: 8772639529272829931}
  m_Layer: 0
  m_Name: Point (5)
  m_TagString: Untagged
  m_Icon: {fileID: 7422848464349959988, guid: 0000000000000000d000000000000000, type: 0}
  m_NavMeshLayer: 0
  m_StaticEditorFlags: 0
  m_IsActive: 1
--- !u!4 &2629550789537771024
Transform:
  m_ObjectHideFlags: 0
  m_CorrespondingSourceObject: {fileID: 0}
  m_PrefabInstance: {fileID: 0}
  m_PrefabAsset: {fileID: 0}
  m_GameObject: {fileID: 1573918412970301782}
  m_LocalRotation: {x: -0, y: -0.8547323, z: -0, w: -0.5190692}
  m_LocalPosition: {x: 60.799995, y: -3, z: -11.8}
  m_LocalScale: {x: 1, y: 1, z: 1}
  m_Children: []
  m_Father: {fileID: 4307887885325414252}
  m_RootOrder: 5
  m_LocalEulerAnglesHint: {x: 0, y: -242.54001, z: 0}
--- !u!114 &8772639529272829931
MonoBehaviour:
  m_ObjectHideFlags: 0
  m_CorrespondingSourceObject: {fileID: 0}
  m_PrefabInstance: {fileID: 0}
  m_PrefabAsset: {fileID: 0}
  m_GameObject: {fileID: 1573918412970301782}
  m_Enabled: 1
  m_EditorHideFlags: 0
  m_Script: {fileID: 11500000, guid: 5852f10a92c8139408b4ec2274f5c7a3, type: 3}
  m_Name: 
  m_EditorClassIdentifier: 
  _animationName: idle
  _waitTime: {x: 0, y: 0}
--- !u!1 &1836172825225395640
GameObject:
  m_ObjectHideFlags: 0
  m_CorrespondingSourceObject: {fileID: 0}
  m_PrefabInstance: {fileID: 0}
  m_PrefabAsset: {fileID: 0}
  serializedVersion: 6
  m_Component:
  - component: {fileID: 1559707410288920110}
  - component: {fileID: 8489124826277725374}
  m_Layer: 0
  m_Name: Point (2)
  m_TagString: Untagged
  m_Icon: {fileID: 7148428337604731935, guid: 0000000000000000d000000000000000, type: 0}
  m_NavMeshLayer: 0
  m_StaticEditorFlags: 0
  m_IsActive: 1
--- !u!4 &1559707410288920110
Transform:
  m_ObjectHideFlags: 0
  m_CorrespondingSourceObject: {fileID: 0}
  m_PrefabInstance: {fileID: 0}
  m_PrefabAsset: {fileID: 0}
  m_GameObject: {fileID: 1836172825225395640}
  m_LocalRotation: {x: -0, y: -0.93838793, z: -0, w: -0.3455838}
  m_LocalPosition: {x: 43.800007, y: -3, z: 12.8}
  m_LocalScale: {x: 1, y: 1, z: 1}
  m_Children: []
  m_Father: {fileID: 296989685967153574}
  m_RootOrder: 2
  m_LocalEulerAnglesHint: {x: 0, y: -220.435, z: 0}
--- !u!114 &8489124826277725374
MonoBehaviour:
  m_ObjectHideFlags: 0
  m_CorrespondingSourceObject: {fileID: 0}
  m_PrefabInstance: {fileID: 0}
  m_PrefabAsset: {fileID: 0}
  m_GameObject: {fileID: 1836172825225395640}
  m_Enabled: 1
  m_EditorHideFlags: 0
  m_Script: {fileID: 11500000, guid: 5852f10a92c8139408b4ec2274f5c7a3, type: 3}
  m_Name: 
  m_EditorClassIdentifier: 
  _animationName: idle
  _waitTime: {x: 0, y: 0}
--- !u!1 &2057428314302675970
GameObject:
  m_ObjectHideFlags: 0
  m_CorrespondingSourceObject: {fileID: 0}
  m_PrefabInstance: {fileID: 0}
  m_PrefabAsset: {fileID: 0}
  serializedVersion: 6
  m_Component:
  - component: {fileID: 4722145349257239048}
  - component: {fileID: 7488302028901330969}
  m_Layer: 0
  m_Name: Point (3)
  m_TagString: Untagged
  m_Icon: {fileID: 7422848464349959988, guid: 0000000000000000d000000000000000, type: 0}
  m_NavMeshLayer: 0
  m_StaticEditorFlags: 0
  m_IsActive: 1
--- !u!4 &4722145349257239048
Transform:
  m_ObjectHideFlags: 0
  m_CorrespondingSourceObject: {fileID: 0}
  m_PrefabInstance: {fileID: 0}
  m_PrefabAsset: {fileID: 0}
  m_GameObject: {fileID: 2057428314302675970}
  m_LocalRotation: {x: -0, y: -0.8547323, z: -0, w: -0.5190692}
  m_LocalPosition: {x: 20.800007, y: -3, z: 16}
  m_LocalScale: {x: 1, y: 1, z: 1}
  m_Children: []
  m_Father: {fileID: 4307887885325414252}
  m_RootOrder: 3
  m_LocalEulerAnglesHint: {x: 0, y: -242.54001, z: 0}
--- !u!114 &7488302028901330969
MonoBehaviour:
  m_ObjectHideFlags: 0
  m_CorrespondingSourceObject: {fileID: 0}
  m_PrefabInstance: {fileID: 0}
  m_PrefabAsset: {fileID: 0}
  m_GameObject: {fileID: 2057428314302675970}
  m_Enabled: 1
  m_EditorHideFlags: 0
  m_Script: {fileID: 11500000, guid: 5852f10a92c8139408b4ec2274f5c7a3, type: 3}
  m_Name: 
  m_EditorClassIdentifier: 
  _animationName: idle
  _waitTime: {x: 0, y: 0}
--- !u!1 &2085681616210938091
GameObject:
  m_ObjectHideFlags: 0
  m_CorrespondingSourceObject: {fileID: 0}
  m_PrefabInstance: {fileID: 0}
  m_PrefabAsset: {fileID: 0}
  serializedVersion: 6
  m_Component:
  - component: {fileID: 1272036541618159727}
  - component: {fileID: 2754552831143087111}
  m_Layer: 0
  m_Name: Point (6)
  m_TagString: Untagged
  m_Icon: {fileID: -5442936267250999957, guid: 0000000000000000d000000000000000, type: 0}
  m_NavMeshLayer: 0
  m_StaticEditorFlags: 0
  m_IsActive: 1
--- !u!4 &1272036541618159727
Transform:
  m_ObjectHideFlags: 0
  m_CorrespondingSourceObject: {fileID: 0}
  m_PrefabInstance: {fileID: 0}
  m_PrefabAsset: {fileID: 0}
  m_GameObject: {fileID: 2085681616210938091}
  m_LocalRotation: {x: -0, y: -0.93838793, z: -0, w: -0.3455838}
  m_LocalPosition: {x: 56.70001, y: -3, z: 6.5}
  m_LocalScale: {x: 1, y: 1, z: 1}
  m_Children: []
  m_Father: {fileID: 2287655110732688127}
  m_RootOrder: 6
  m_LocalEulerAnglesHint: {x: 0, y: -220.435, z: 0}
--- !u!114 &2754552831143087111
MonoBehaviour:
  m_ObjectHideFlags: 0
  m_CorrespondingSourceObject: {fileID: 0}
  m_PrefabInstance: {fileID: 0}
  m_PrefabAsset: {fileID: 0}
  m_GameObject: {fileID: 2085681616210938091}
  m_Enabled: 1
  m_EditorHideFlags: 0
  m_Script: {fileID: 11500000, guid: 5852f10a92c8139408b4ec2274f5c7a3, type: 3}
  m_Name: 
  m_EditorClassIdentifier: 
  _animationName: idle
  _waitTime: {x: 3, y: 4}
--- !u!1 &2257680413555955902
GameObject:
  m_ObjectHideFlags: 0
  m_CorrespondingSourceObject: {fileID: 0}
  m_PrefabInstance: {fileID: 0}
  m_PrefabAsset: {fileID: 0}
  serializedVersion: 6
  m_Component:
  - component: {fileID: 5715985271562958405}
  - component: {fileID: 6060924763216838063}
  m_Layer: 0
  m_Name: Point (5)
  m_TagString: Untagged
  m_Icon: {fileID: -5442936267250999957, guid: 0000000000000000d000000000000000, type: 0}
  m_NavMeshLayer: 0
  m_StaticEditorFlags: 0
  m_IsActive: 1
--- !u!4 &5715985271562958405
Transform:
  m_ObjectHideFlags: 0
  m_CorrespondingSourceObject: {fileID: 0}
  m_PrefabInstance: {fileID: 0}
  m_PrefabAsset: {fileID: 0}
  m_GameObject: {fileID: 2257680413555955902}
  m_LocalRotation: {x: -0, y: -0.93838793, z: -0, w: -0.3455838}
  m_LocalPosition: {x: 64.600006, y: -3, z: -20.1}
  m_LocalScale: {x: 1, y: 1, z: 1}
  m_Children: []
  m_Father: {fileID: 2287655110732688127}
  m_RootOrder: 5
  m_LocalEulerAnglesHint: {x: 0, y: -220.435, z: 0}
--- !u!114 &6060924763216838063
MonoBehaviour:
  m_ObjectHideFlags: 0
  m_CorrespondingSourceObject: {fileID: 0}
  m_PrefabInstance: {fileID: 0}
  m_PrefabAsset: {fileID: 0}
  m_GameObject: {fileID: 2257680413555955902}
  m_Enabled: 1
  m_EditorHideFlags: 0
  m_Script: {fileID: 11500000, guid: 5852f10a92c8139408b4ec2274f5c7a3, type: 3}
  m_Name: 
  m_EditorClassIdentifier: 
  _animationName: idle
  _waitTime: {x: 0, y: 0}
--- !u!1 &2311248112634883769
GameObject:
  m_ObjectHideFlags: 0
  m_CorrespondingSourceObject: {fileID: 0}
  m_PrefabInstance: {fileID: 0}
  m_PrefabAsset: {fileID: 0}
  serializedVersion: 6
  m_Component:
  - component: {fileID: 3164261503239120626}
  - component: {fileID: 5492743003563800127}
  m_Layer: 0
  m_Name: Point (4)
  m_TagString: Untagged
  m_Icon: {fileID: -5442936267250999957, guid: 0000000000000000d000000000000000, type: 0}
  m_NavMeshLayer: 0
  m_StaticEditorFlags: 0
  m_IsActive: 1
--- !u!4 &3164261503239120626
Transform:
  m_ObjectHideFlags: 0
  m_CorrespondingSourceObject: {fileID: 0}
  m_PrefabInstance: {fileID: 0}
  m_PrefabAsset: {fileID: 0}
  m_GameObject: {fileID: 2311248112634883769}
  m_LocalRotation: {x: -0, y: -0.93838793, z: -0, w: -0.3455838}
  m_LocalPosition: {x: 42.4, y: -3, z: -13.3}
  m_LocalScale: {x: 1, y: 1, z: 1}
  m_Children: []
  m_Father: {fileID: 2287655110732688127}
  m_RootOrder: 4
  m_LocalEulerAnglesHint: {x: 0, y: -220.435, z: 0}
--- !u!114 &5492743003563800127
MonoBehaviour:
  m_ObjectHideFlags: 0
  m_CorrespondingSourceObject: {fileID: 0}
  m_PrefabInstance: {fileID: 0}
  m_PrefabAsset: {fileID: 0}
  m_GameObject: {fileID: 2311248112634883769}
  m_Enabled: 1
  m_EditorHideFlags: 0
  m_Script: {fileID: 11500000, guid: 5852f10a92c8139408b4ec2274f5c7a3, type: 3}
  m_Name: 
  m_EditorClassIdentifier: 
  _animationName: idle
  _waitTime: {x: 0, y: 0}
--- !u!1 &2361163791490740236
GameObject:
  m_ObjectHideFlags: 0
  m_CorrespondingSourceObject: {fileID: 0}
  m_PrefabInstance: {fileID: 0}
  m_PrefabAsset: {fileID: 0}
  serializedVersion: 6
  m_Component:
  - component: {fileID: 2765077616191731904}
  - component: {fileID: 3314486955943564543}
  m_Layer: 0
  m_Name: Point (1)
  m_TagString: Untagged
  m_Icon: {fileID: 7422848464349959988, guid: 0000000000000000d000000000000000, type: 0}
  m_NavMeshLayer: 0
  m_StaticEditorFlags: 0
  m_IsActive: 1
--- !u!4 &2765077616191731904
Transform:
  m_ObjectHideFlags: 0
  m_CorrespondingSourceObject: {fileID: 0}
  m_PrefabInstance: {fileID: 0}
  m_PrefabAsset: {fileID: 0}
  m_GameObject: {fileID: 2361163791490740236}
  m_LocalRotation: {x: -0, y: -0.8547323, z: -0, w: -0.5190692}
  m_LocalPosition: {x: 54.2, y: -3, z: 0.5}
  m_LocalScale: {x: 1, y: 1, z: 1}
  m_Children: []
  m_Father: {fileID: 4307887885325414252}
  m_RootOrder: 1
  m_LocalEulerAnglesHint: {x: 0, y: -242.54001, z: 0}
--- !u!114 &3314486955943564543
MonoBehaviour:
  m_ObjectHideFlags: 0
  m_CorrespondingSourceObject: {fileID: 0}
  m_PrefabInstance: {fileID: 0}
  m_PrefabAsset: {fileID: 0}
  m_GameObject: {fileID: 2361163791490740236}
  m_Enabled: 1
  m_EditorHideFlags: 0
  m_Script: {fileID: 11500000, guid: 5852f10a92c8139408b4ec2274f5c7a3, type: 3}
  m_Name: 
  m_EditorClassIdentifier: 
  _animationName: idle
  _waitTime: {x: 2, y: 5}
--- !u!1 &2504373198058444313
GameObject:
  m_ObjectHideFlags: 0
  m_CorrespondingSourceObject: {fileID: 0}
  m_PrefabInstance: {fileID: 0}
  m_PrefabAsset: {fileID: 0}
  serializedVersion: 6
  m_Component:
  - component: {fileID: 6032906701685692863}
  - component: {fileID: 6159120245588182940}
  m_Layer: 0
  m_Name: Point (10)
  m_TagString: Untagged
  m_Icon: {fileID: 7148428337604731935, guid: 0000000000000000d000000000000000, type: 0}
  m_NavMeshLayer: 0
  m_StaticEditorFlags: 0
  m_IsActive: 1
--- !u!4 &6032906701685692863
Transform:
  m_ObjectHideFlags: 0
  m_CorrespondingSourceObject: {fileID: 0}
  m_PrefabInstance: {fileID: 0}
  m_PrefabAsset: {fileID: 0}
  m_GameObject: {fileID: 2504373198058444313}
  m_LocalRotation: {x: -0, y: -0.93838793, z: -0, w: -0.3455838}
  m_LocalPosition: {x: 54.3, y: -3, z: -20}
  m_LocalScale: {x: 1, y: 1, z: 1}
  m_Children: []
  m_Father: {fileID: 296989685967153574}
  m_RootOrder: 10
  m_LocalEulerAnglesHint: {x: 0, y: -220.435, z: 0}
--- !u!114 &6159120245588182940
MonoBehaviour:
  m_ObjectHideFlags: 0
  m_CorrespondingSourceObject: {fileID: 0}
  m_PrefabInstance: {fileID: 0}
  m_PrefabAsset: {fileID: 0}
  m_GameObject: {fileID: 2504373198058444313}
  m_Enabled: 1
  m_EditorHideFlags: 0
  m_Script: {fileID: 11500000, guid: 5852f10a92c8139408b4ec2274f5c7a3, type: 3}
  m_Name: 
  m_EditorClassIdentifier: 
  _animationName: idle
  _waitTime: {x: 1, y: 2}
--- !u!1 &3519903580894217803
GameObject:
  m_ObjectHideFlags: 0
  m_CorrespondingSourceObject: {fileID: 0}
  m_PrefabInstance: {fileID: 0}
  m_PrefabAsset: {fileID: 0}
  serializedVersion: 6
  m_Component:
  - component: {fileID: 2311649989868331874}
  - component: {fileID: 8800906353827206445}
  m_Layer: 0
  m_Name: Point (5)
  m_TagString: Untagged
  m_Icon: {fileID: 7148428337604731935, guid: 0000000000000000d000000000000000, type: 0}
  m_NavMeshLayer: 0
  m_StaticEditorFlags: 0
  m_IsActive: 1
--- !u!4 &2311649989868331874
Transform:
  m_ObjectHideFlags: 0
  m_CorrespondingSourceObject: {fileID: 0}
  m_PrefabInstance: {fileID: 0}
  m_PrefabAsset: {fileID: 0}
  m_GameObject: {fileID: 3519903580894217803}
  m_LocalRotation: {x: -0, y: -0.93838793, z: -0, w: -0.3455838}
  m_LocalPosition: {x: 35.100002, y: -3, z: -12.6}
  m_LocalScale: {x: 1, y: 1, z: 1}
  m_Children: []
  m_Father: {fileID: 296989685967153574}
  m_RootOrder: 5
  m_LocalEulerAnglesHint: {x: 0, y: -220.435, z: 0}
--- !u!114 &8800906353827206445
MonoBehaviour:
  m_ObjectHideFlags: 0
  m_CorrespondingSourceObject: {fileID: 0}
  m_PrefabInstance: {fileID: 0}
  m_PrefabAsset: {fileID: 0}
  m_GameObject: {fileID: 3519903580894217803}
  m_Enabled: 1
  m_EditorHideFlags: 0
  m_Script: {fileID: 11500000, guid: 5852f10a92c8139408b4ec2274f5c7a3, type: 3}
  m_Name: 
  m_EditorClassIdentifier: 
  _animationName: idle
  _waitTime: {x: 0, y: 0}
--- !u!1 &3581445288505811340
GameObject:
  m_ObjectHideFlags: 0
  m_CorrespondingSourceObject: {fileID: 0}
  m_PrefabInstance: {fileID: 0}
  m_PrefabAsset: {fileID: 0}
  serializedVersion: 6
  m_Component:
  - component: {fileID: 7446426978051557166}
  - component: {fileID: 2304580839103271981}
  m_Layer: 0
  m_Name: Point (11)
  m_TagString: Untagged
  m_Icon: {fileID: -5442936267250999957, guid: 0000000000000000d000000000000000, type: 0}
  m_NavMeshLayer: 0
  m_StaticEditorFlags: 0
  m_IsActive: 1
--- !u!4 &7446426978051557166
Transform:
  m_ObjectHideFlags: 0
  m_CorrespondingSourceObject: {fileID: 0}
  m_PrefabInstance: {fileID: 0}
  m_PrefabAsset: {fileID: 0}
  m_GameObject: {fileID: 3581445288505811340}
  m_LocalRotation: {x: -0, y: -0.93838793, z: -0, w: -0.3455838}
  m_LocalPosition: {x: 31.3, y: -3, z: -13.8}
  m_LocalScale: {x: 1, y: 1, z: 1}
  m_Children: []
  m_Father: {fileID: 2287655110732688127}
  m_RootOrder: 11
  m_LocalEulerAnglesHint: {x: 0, y: -220.435, z: 0}
--- !u!114 &2304580839103271981
MonoBehaviour:
  m_ObjectHideFlags: 0
  m_CorrespondingSourceObject: {fileID: 0}
  m_PrefabInstance: {fileID: 0}
  m_PrefabAsset: {fileID: 0}
  m_GameObject: {fileID: 3581445288505811340}
  m_Enabled: 1
  m_EditorHideFlags: 0
  m_Script: {fileID: 11500000, guid: 5852f10a92c8139408b4ec2274f5c7a3, type: 3}
  m_Name: 
  m_EditorClassIdentifier: 
  _animationName: idle
  _waitTime: {x: 1, y: 2}
--- !u!1 &3958209084565558403
GameObject:
  m_ObjectHideFlags: 0
  m_CorrespondingSourceObject: {fileID: 0}
  m_PrefabInstance: {fileID: 0}
  m_PrefabAsset: {fileID: 0}
  serializedVersion: 6
  m_Component:
  - component: {fileID: 3457874701566124215}
  m_Layer: 0
  m_Name: Vegetation
  m_TagString: Untagged
  m_Icon: {fileID: 0}
  m_NavMeshLayer: 0
  m_StaticEditorFlags: 0
  m_IsActive: 1
--- !u!4 &3457874701566124215
Transform:
  m_ObjectHideFlags: 0
  m_CorrespondingSourceObject: {fileID: 0}
  m_PrefabInstance: {fileID: 0}
  m_PrefabAsset: {fileID: 0}
  m_GameObject: {fileID: 3958209084565558403}
  m_LocalRotation: {x: -1.7763568e-15, y: 0.70710576, z: -0.000000030908577, w: 0.70710784}
  m_LocalPosition: {x: 38.70562, y: -0.000001554586, z: -35.56478}
  m_LocalScale: {x: 1, y: 1, z: 1}
  m_Children:
  - {fileID: 2829144882610523827}
  - {fileID: 4739107649007752219}
  m_Father: {fileID: 4455830736674902016}
  m_RootOrder: 1
  m_LocalEulerAnglesHint: {x: 0, y: 90, z: 0}
--- !u!1 &4113278263086107446
GameObject:
  m_ObjectHideFlags: 0
  m_CorrespondingSourceObject: {fileID: 0}
  m_PrefabInstance: {fileID: 0}
  m_PrefabAsset: {fileID: 0}
  serializedVersion: 6
  m_Component:
  - component: {fileID: 6770619030524742087}
  - component: {fileID: 6088899266354646093}
  m_Layer: 0
  m_Name: Point (10)
  m_TagString: Untagged
  m_Icon: {fileID: -5442936267250999957, guid: 0000000000000000d000000000000000, type: 0}
  m_NavMeshLayer: 0
  m_StaticEditorFlags: 0
  m_IsActive: 1
--- !u!4 &6770619030524742087
Transform:
  m_ObjectHideFlags: 0
  m_CorrespondingSourceObject: {fileID: 0}
  m_PrefabInstance: {fileID: 0}
  m_PrefabAsset: {fileID: 0}
  m_GameObject: {fileID: 4113278263086107446}
  m_LocalRotation: {x: -0, y: -0.93838793, z: -0, w: -0.3455838}
  m_LocalPosition: {x: 26.399996, y: -3, z: -17.2}
  m_LocalScale: {x: 1, y: 1, z: 1}
  m_Children: []
  m_Father: {fileID: 2287655110732688127}
  m_RootOrder: 10
  m_LocalEulerAnglesHint: {x: 0, y: -220.435, z: 0}
--- !u!114 &6088899266354646093
MonoBehaviour:
  m_ObjectHideFlags: 0
  m_CorrespondingSourceObject: {fileID: 0}
  m_PrefabInstance: {fileID: 0}
  m_PrefabAsset: {fileID: 0}
  m_GameObject: {fileID: 4113278263086107446}
  m_Enabled: 1
  m_EditorHideFlags: 0
  m_Script: {fileID: 11500000, guid: 5852f10a92c8139408b4ec2274f5c7a3, type: 3}
  m_Name: 
  m_EditorClassIdentifier: 
  _animationName: idle
  _waitTime: {x: 1, y: 2}
--- !u!1 &4440418497990085547
GameObject:
  m_ObjectHideFlags: 0
  m_CorrespondingSourceObject: {fileID: 0}
  m_PrefabInstance: {fileID: 0}
  m_PrefabAsset: {fileID: 0}
  serializedVersion: 6
  m_Component:
  - component: {fileID: 4307887885325414252}
  - component: {fileID: 7537916871824618961}
  m_Layer: 0
  m_Name: path_01
  m_TagString: Untagged
  m_Icon: {fileID: 0}
  m_NavMeshLayer: 0
  m_StaticEditorFlags: 0
  m_IsActive: 1
--- !u!4 &4307887885325414252
Transform:
  m_ObjectHideFlags: 0
  m_CorrespondingSourceObject: {fileID: 0}
  m_PrefabInstance: {fileID: 0}
  m_PrefabAsset: {fileID: 0}
  m_GameObject: {fileID: 4440418497990085547}
  m_LocalRotation: {x: -0.000000021855694, y: -0, z: -0, w: 1}
  m_LocalPosition: {x: -39.7, y: 0, z: -32.7}
  m_LocalScale: {x: 1, y: 1, z: 1}
  m_Children:
  - {fileID: 6224174887799358650}
  - {fileID: 2765077616191731904}
  - {fileID: 4069405787150528787}
  - {fileID: 4722145349257239048}
  - {fileID: 2539774623414372249}
  - {fileID: 2629550789537771024}
  - {fileID: 8306333020802677996}
  - {fileID: 226132256216931525}
  - {fileID: 6629505409932135153}
  m_Father: {fileID: 4455830736674902016}
  m_RootOrder: 2
  m_LocalEulerAnglesHint: {x: 0, y: 0, z: 0}
--- !u!114 &7537916871824618961
MonoBehaviour:
  m_ObjectHideFlags: 0
  m_CorrespondingSourceObject: {fileID: 0}
  m_PrefabInstance: {fileID: 0}
  m_PrefabAsset: {fileID: 0}
  m_GameObject: {fileID: 4440418497990085547}
  m_Enabled: 1
  m_EditorHideFlags: 0
  m_Script: {fileID: 11500000, guid: 219bf220f2d2a40429e128742e3ae418, type: 3}
  m_Name: 
  m_EditorClassIdentifier: 
  _points:
  - {fileID: 1507671427930284783}
  - {fileID: 3314486955943564543}
  - {fileID: 6270653112888995023}
  - {fileID: 7488302028901330969}
  - {fileID: 4055006252428859610}
  - {fileID: 8772639529272829931}
  - {fileID: 1213965343445493543}
  - {fileID: 6490319477360938858}
  - {fileID: 6767050121892522172}
  _alwaysDrawGizmos: 1
  _gizmoColor: {r: 0.36470592, g: 0.89268005, b: 1, a: 1}
--- !u!1 &4542889632540822205
GameObject:
  m_ObjectHideFlags: 0
  m_CorrespondingSourceObject: {fileID: 0}
  m_PrefabInstance: {fileID: 0}
  m_PrefabAsset: {fileID: 0}
  serializedVersion: 6
  m_Component:
  - component: {fileID: 3106094035044334583}
  - component: {fileID: 437845135304320070}
  m_Layer: 0
  m_Name: Point (8)
  m_TagString: Untagged
  m_Icon: {fileID: 7148428337604731935, guid: 0000000000000000d000000000000000, type: 0}
  m_NavMeshLayer: 0
  m_StaticEditorFlags: 0
  m_IsActive: 1
--- !u!4 &3106094035044334583
Transform:
  m_ObjectHideFlags: 0
  m_CorrespondingSourceObject: {fileID: 0}
  m_PrefabInstance: {fileID: 0}
  m_PrefabAsset: {fileID: 0}
  m_GameObject: {fileID: 4542889632540822205}
  m_LocalRotation: {x: -0, y: -0.93838793, z: -0, w: -0.3455838}
  m_LocalPosition: {x: 40.799995, y: -3, z: -19.2}
  m_LocalScale: {x: 1, y: 1, z: 1}
  m_Children: []
  m_Father: {fileID: 296989685967153574}
  m_RootOrder: 8
  m_LocalEulerAnglesHint: {x: 0, y: -220.435, z: 0}
--- !u!114 &437845135304320070
MonoBehaviour:
  m_ObjectHideFlags: 0
  m_CorrespondingSourceObject: {fileID: 0}
  m_PrefabInstance: {fileID: 0}
  m_PrefabAsset: {fileID: 0}
  m_GameObject: {fileID: 4542889632540822205}
  m_Enabled: 1
  m_EditorHideFlags: 0
  m_Script: {fileID: 11500000, guid: 5852f10a92c8139408b4ec2274f5c7a3, type: 3}
  m_Name: 
  m_EditorClassIdentifier: 
  _animationName: idle
  _waitTime: {x: 1, y: 2}
--- !u!1 &4799666210694882452
GameObject:
  m_ObjectHideFlags: 0
  m_CorrespondingSourceObject: {fileID: 0}
  m_PrefabInstance: {fileID: 0}
  m_PrefabAsset: {fileID: 0}
  serializedVersion: 6
  m_Component:
  - component: {fileID: 4160785043897839052}
  - component: {fileID: 8391571073183380159}
  m_Layer: 0
  m_Name: Point (13)
  m_TagString: Untagged
  m_Icon: {fileID: 7148428337604731935, guid: 0000000000000000d000000000000000, type: 0}
  m_NavMeshLayer: 0
  m_StaticEditorFlags: 0
  m_IsActive: 1
--- !u!4 &4160785043897839052
Transform:
  m_ObjectHideFlags: 0
  m_CorrespondingSourceObject: {fileID: 0}
  m_PrefabInstance: {fileID: 0}
  m_PrefabAsset: {fileID: 0}
  m_GameObject: {fileID: 4799666210694882452}
  m_LocalRotation: {x: -0, y: -0.93838793, z: -0, w: -0.3455838}
  m_LocalPosition: {x: 20.900003, y: -3, z: 2.6}
  m_LocalScale: {x: 1, y: 1, z: 1}
  m_Children: []
  m_Father: {fileID: 296989685967153574}
  m_RootOrder: 13
  m_LocalEulerAnglesHint: {x: 0, y: -220.435, z: 0}
--- !u!114 &8391571073183380159
MonoBehaviour:
  m_ObjectHideFlags: 0
  m_CorrespondingSourceObject: {fileID: 0}
  m_PrefabInstance: {fileID: 0}
  m_PrefabAsset: {fileID: 0}
  m_GameObject: {fileID: 4799666210694882452}
  m_Enabled: 1
  m_EditorHideFlags: 0
  m_Script: {fileID: 11500000, guid: 5852f10a92c8139408b4ec2274f5c7a3, type: 3}
  m_Name: 
  m_EditorClassIdentifier: 
  _animationName: idle
  _waitTime: {x: 1, y: 2}
--- !u!1 &4819081425899677600
GameObject:
  m_ObjectHideFlags: 0
  m_CorrespondingSourceObject: {fileID: 0}
  m_PrefabInstance: {fileID: 0}
  m_PrefabAsset: {fileID: 0}
  serializedVersion: 6
  m_Component:
  - component: {fileID: 4455830736674902016}
  m_Layer: 0
  m_Name: Dino_Zone_D_Lvl_03
  m_TagString: Untagged
  m_Icon: {fileID: 0}
  m_NavMeshLayer: 0
  m_StaticEditorFlags: 0
  m_IsActive: 1
--- !u!4 &4455830736674902016
Transform:
  m_ObjectHideFlags: 0
  m_CorrespondingSourceObject: {fileID: 0}
  m_PrefabInstance: {fileID: 0}
  m_PrefabAsset: {fileID: 0}
  m_GameObject: {fileID: 4819081425899677600}
  m_LocalRotation: {x: 0.000000021855694, y: -0, z: -0, w: 1}
  m_LocalPosition: {x: 41.4, y: 0, z: 32.7}
  m_LocalScale: {x: -1, y: 1, z: 1}
  m_Children:
  - {fileID: 1366425593251088048}
  - {fileID: 3457874701566124215}
  - {fileID: 4307887885325414252}
  - {fileID: 2287655110732688127}
  - {fileID: 296989685967153574}
  m_Father: {fileID: 0}
  m_RootOrder: 0
  m_LocalEulerAnglesHint: {x: 0, y: 0, z: 0}
--- !u!1 &4911867051500839072
GameObject:
  m_ObjectHideFlags: 0
  m_CorrespondingSourceObject: {fileID: 0}
  m_PrefabInstance: {fileID: 0}
  m_PrefabAsset: {fileID: 0}
  serializedVersion: 6
  m_Component:
  - component: {fileID: 785667137945079975}
  - component: {fileID: 8318896526505711665}
  m_Layer: 0
  m_Name: Point (13)
  m_TagString: Untagged
  m_Icon: {fileID: -5442936267250999957, guid: 0000000000000000d000000000000000, type: 0}
  m_NavMeshLayer: 0
  m_StaticEditorFlags: 0
  m_IsActive: 1
--- !u!4 &785667137945079975
Transform:
  m_ObjectHideFlags: 0
  m_CorrespondingSourceObject: {fileID: 0}
  m_PrefabInstance: {fileID: 0}
  m_PrefabAsset: {fileID: 0}
  m_GameObject: {fileID: 4911867051500839072}
  m_LocalRotation: {x: -0, y: -0.93838793, z: -0, w: -0.3455838}
  m_LocalPosition: {x: 48.8, y: -3, z: -2.3}
  m_LocalScale: {x: 1, y: 1, z: 1}
  m_Children: []
  m_Father: {fileID: 2287655110732688127}
  m_RootOrder: 13
  m_LocalEulerAnglesHint: {x: 0, y: -220.435, z: 0}
--- !u!114 &8318896526505711665
MonoBehaviour:
  m_ObjectHideFlags: 0
  m_CorrespondingSourceObject: {fileID: 0}
  m_PrefabInstance: {fileID: 0}
  m_PrefabAsset: {fileID: 0}
  m_GameObject: {fileID: 4911867051500839072}
  m_Enabled: 1
  m_EditorHideFlags: 0
  m_Script: {fileID: 11500000, guid: 5852f10a92c8139408b4ec2274f5c7a3, type: 3}
  m_Name: 
  m_EditorClassIdentifier: 
  _animationName: idle
  _waitTime: {x: 1, y: 2}
--- !u!1 &5279978460478311825
GameObject:
  m_ObjectHideFlags: 0
  m_CorrespondingSourceObject: {fileID: 0}
  m_PrefabInstance: {fileID: 0}
  m_PrefabAsset: {fileID: 0}
  serializedVersion: 6
  m_Component:
  - component: {fileID: 2707759853097942097}
  - component: {fileID: 523602763580962435}
  m_Layer: 0
  m_Name: Point (12)
  m_TagString: Untagged
  m_Icon: {fileID: -5442936267250999957, guid: 0000000000000000d000000000000000, type: 0}
  m_NavMeshLayer: 0
  m_StaticEditorFlags: 0
  m_IsActive: 1
--- !u!4 &2707759853097942097
Transform:
  m_ObjectHideFlags: 0
  m_CorrespondingSourceObject: {fileID: 0}
  m_PrefabInstance: {fileID: 0}
  m_PrefabAsset: {fileID: 0}
  m_GameObject: {fileID: 5279978460478311825}
  m_LocalRotation: {x: -0, y: -0.93838793, z: -0, w: -0.3455838}
  m_LocalPosition: {x: 63.999996, y: -3, z: 1.8}
  m_LocalScale: {x: 1, y: 1, z: 1}
  m_Children: []
  m_Father: {fileID: 2287655110732688127}
  m_RootOrder: 12
  m_LocalEulerAnglesHint: {x: 0, y: -220.435, z: 0}
--- !u!114 &523602763580962435
MonoBehaviour:
  m_ObjectHideFlags: 0
  m_CorrespondingSourceObject: {fileID: 0}
  m_PrefabInstance: {fileID: 0}
  m_PrefabAsset: {fileID: 0}
  m_GameObject: {fileID: 5279978460478311825}
  m_Enabled: 1
  m_EditorHideFlags: 0
  m_Script: {fileID: 11500000, guid: 5852f10a92c8139408b4ec2274f5c7a3, type: 3}
  m_Name: 
  m_EditorClassIdentifier: 
  _animationName: idle
  _waitTime: {x: 1, y: 2}
--- !u!1 &5293696769156743001
GameObject:
  m_ObjectHideFlags: 0
  m_CorrespondingSourceObject: {fileID: 0}
  m_PrefabInstance: {fileID: 0}
  m_PrefabAsset: {fileID: 0}
  serializedVersion: 6
  m_Component:
  - component: {fileID: 2539774623414372249}
  - component: {fileID: 4055006252428859610}
  m_Layer: 0
  m_Name: Point (4)
  m_TagString: Untagged
  m_Icon: {fileID: 7422848464349959988, guid: 0000000000000000d000000000000000, type: 0}
  m_NavMeshLayer: 0
  m_StaticEditorFlags: 0
  m_IsActive: 1
--- !u!4 &2539774623414372249
Transform:
  m_ObjectHideFlags: 0
  m_CorrespondingSourceObject: {fileID: 0}
  m_PrefabInstance: {fileID: 0}
  m_PrefabAsset: {fileID: 0}
  m_GameObject: {fileID: 5293696769156743001}
  m_LocalRotation: {x: -0, y: -0.8547323, z: -0, w: -0.5190692}
  m_LocalPosition: {x: 35, y: -3, z: -7}
  m_LocalScale: {x: 1, y: 1, z: 1}
  m_Children: []
  m_Father: {fileID: 4307887885325414252}
  m_RootOrder: 4
  m_LocalEulerAnglesHint: {x: 0, y: -242.54001, z: 0}
--- !u!114 &4055006252428859610
MonoBehaviour:
  m_ObjectHideFlags: 0
  m_CorrespondingSourceObject: {fileID: 0}
  m_PrefabInstance: {fileID: 0}
  m_PrefabAsset: {fileID: 0}
  m_GameObject: {fileID: 5293696769156743001}
  m_Enabled: 1
  m_EditorHideFlags: 0
  m_Script: {fileID: 11500000, guid: 5852f10a92c8139408b4ec2274f5c7a3, type: 3}
  m_Name: 
  m_EditorClassIdentifier: 
  _animationName: idle
  _waitTime: {x: 1, y: 2}
--- !u!1 &5598590430029974788
GameObject:
  m_ObjectHideFlags: 0
  m_CorrespondingSourceObject: {fileID: 0}
  m_PrefabInstance: {fileID: 0}
  m_PrefabAsset: {fileID: 0}
  serializedVersion: 6
  m_Component:
  - component: {fileID: 6204548744136114300}
  - component: {fileID: 8734106280404739939}
  m_Layer: 0
  m_Name: Point (8)
  m_TagString: Untagged
  m_Icon: {fileID: -5442936267250999957, guid: 0000000000000000d000000000000000, type: 0}
  m_NavMeshLayer: 0
  m_StaticEditorFlags: 0
  m_IsActive: 1
--- !u!4 &6204548744136114300
Transform:
  m_ObjectHideFlags: 0
  m_CorrespondingSourceObject: {fileID: 0}
  m_PrefabInstance: {fileID: 0}
  m_PrefabAsset: {fileID: 0}
  m_GameObject: {fileID: 5598590430029974788}
  m_LocalRotation: {x: -0, y: -0.93838793, z: -0, w: -0.3455838}
  m_LocalPosition: {x: 19.4, y: -3, z: -16.4}
  m_LocalScale: {x: 1, y: 1, z: 1}
  m_Children: []
  m_Father: {fileID: 2287655110732688127}
  m_RootOrder: 8
  m_LocalEulerAnglesHint: {x: 0, y: -220.435, z: 0}
--- !u!114 &8734106280404739939
MonoBehaviour:
  m_ObjectHideFlags: 0
  m_CorrespondingSourceObject: {fileID: 0}
  m_PrefabInstance: {fileID: 0}
  m_PrefabAsset: {fileID: 0}
  m_GameObject: {fileID: 5598590430029974788}
  m_Enabled: 1
  m_EditorHideFlags: 0
  m_Script: {fileID: 11500000, guid: 5852f10a92c8139408b4ec2274f5c7a3, type: 3}
  m_Name: 
  m_EditorClassIdentifier: 
  _animationName: idle
  _waitTime: {x: 1, y: 2}
--- !u!1 &6133558195323157745
GameObject:
  m_ObjectHideFlags: 0
  m_CorrespondingSourceObject: {fileID: 0}
  m_PrefabInstance: {fileID: 0}
  m_PrefabAsset: {fileID: 0}
  serializedVersion: 6
  m_Component:
  - component: {fileID: 2287655110732688127}
  - component: {fileID: 5247135524596812581}
  m_Layer: 0
  m_Name: path_02
  m_TagString: Untagged
  m_Icon: {fileID: 0}
  m_NavMeshLayer: 0
  m_StaticEditorFlags: 0
  m_IsActive: 1
--- !u!4 &2287655110732688127
Transform:
  m_ObjectHideFlags: 0
  m_CorrespondingSourceObject: {fileID: 0}
  m_PrefabInstance: {fileID: 0}
  m_PrefabAsset: {fileID: 0}
  m_GameObject: {fileID: 6133558195323157745}
  m_LocalRotation: {x: -0.000000021855694, y: -0, z: -0, w: 1}
  m_LocalPosition: {x: -39.7, y: 0, z: -32.7}
  m_LocalScale: {x: 1, y: 1, z: 1}
  m_Children:
  - {fileID: 5380632554982865425}
  - {fileID: 6665910768313028396}
  - {fileID: 839682528548403352}
  - {fileID: 2950814730499354530}
  - {fileID: 3164261503239120626}
  - {fileID: 5715985271562958405}
  - {fileID: 1272036541618159727}
  - {fileID: 6295776120692224465}
  - {fileID: 6204548744136114300}
  - {fileID: 8405061322223466682}
  - {fileID: 6770619030524742087}
  - {fileID: 7446426978051557166}
  - {fileID: 2707759853097942097}
  - {fileID: 785667137945079975}
  m_Father: {fileID: 4455830736674902016}
  m_RootOrder: 3
  m_LocalEulerAnglesHint: {x: 0, y: 0, z: 0}
--- !u!114 &5247135524596812581
MonoBehaviour:
  m_ObjectHideFlags: 0
  m_CorrespondingSourceObject: {fileID: 0}
  m_PrefabInstance: {fileID: 0}
  m_PrefabAsset: {fileID: 0}
  m_GameObject: {fileID: 6133558195323157745}
  m_Enabled: 1
  m_EditorHideFlags: 0
  m_Script: {fileID: 11500000, guid: 219bf220f2d2a40429e128742e3ae418, type: 3}
  m_Name: 
  m_EditorClassIdentifier: 
  _points:
  - {fileID: 4220996457101505279}
  - {fileID: 4672716353355080567}
  - {fileID: 5767194538320674059}
  - {fileID: 4794789391076443439}
  - {fileID: 5492743003563800127}
  - {fileID: 6060924763216838063}
  - {fileID: 2754552831143087111}
  - {fileID: 6448275587159541586}
  - {fileID: 8734106280404739939}
  - {fileID: 7356301254040737097}
  - {fileID: 6088899266354646093}
  - {fileID: 2304580839103271981}
  - {fileID: 523602763580962435}
  - {fileID: 8318896526505711665}
  _alwaysDrawGizmos: 1
  _gizmoColor: {r: 1, g: 0.24056602, b: 0.24056602, a: 1}
--- !u!1 &6161985420858619336
GameObject:
  m_ObjectHideFlags: 0
  m_CorrespondingSourceObject: {fileID: 0}
  m_PrefabInstance: {fileID: 0}
  m_PrefabAsset: {fileID: 0}
  serializedVersion: 6
  m_Component:
  - component: {fileID: 2950814730499354530}
  - component: {fileID: 4794789391076443439}
  m_Layer: 0
  m_Name: Point (3)
  m_TagString: Untagged
  m_Icon: {fileID: -5442936267250999957, guid: 0000000000000000d000000000000000, type: 0}
  m_NavMeshLayer: 0
  m_StaticEditorFlags: 0
  m_IsActive: 1
--- !u!4 &2950814730499354530
Transform:
  m_ObjectHideFlags: 0
  m_CorrespondingSourceObject: {fileID: 0}
  m_PrefabInstance: {fileID: 0}
  m_PrefabAsset: {fileID: 0}
  m_GameObject: {fileID: 6161985420858619336}
  m_LocalRotation: {x: -0, y: -0.93838793, z: -0, w: -0.3455838}
  m_LocalPosition: {x: 36.4, y: -3, z: 0.3}
  m_LocalScale: {x: 1, y: 1, z: 1}
  m_Children: []
  m_Father: {fileID: 2287655110732688127}
  m_RootOrder: 3
  m_LocalEulerAnglesHint: {x: 0, y: -220.435, z: 0}
--- !u!114 &4794789391076443439
MonoBehaviour:
  m_ObjectHideFlags: 0
  m_CorrespondingSourceObject: {fileID: 0}
  m_PrefabInstance: {fileID: 0}
  m_PrefabAsset: {fileID: 0}
  m_GameObject: {fileID: 6161985420858619336}
  m_Enabled: 1
  m_EditorHideFlags: 0
  m_Script: {fileID: 11500000, guid: 5852f10a92c8139408b4ec2274f5c7a3, type: 3}
  m_Name: 
  m_EditorClassIdentifier: 
  _animationName: idle
  _waitTime: {x: 2, y: 5}
--- !u!1 &6275563949413082352
GameObject:
  m_ObjectHideFlags: 0
  m_CorrespondingSourceObject: {fileID: 0}
  m_PrefabInstance: {fileID: 0}
  m_PrefabAsset: {fileID: 0}
  serializedVersion: 6
  m_Component:
  - component: {fileID: 3515620421706793121}
  - component: {fileID: 4992021376971541517}
  m_Layer: 0
  m_Name: Point (9)
  m_TagString: Untagged
  m_Icon: {fileID: 7148428337604731935, guid: 0000000000000000d000000000000000, type: 0}
  m_NavMeshLayer: 0
  m_StaticEditorFlags: 0
  m_IsActive: 1
--- !u!4 &3515620421706793121
Transform:
  m_ObjectHideFlags: 0
  m_CorrespondingSourceObject: {fileID: 0}
  m_PrefabInstance: {fileID: 0}
  m_PrefabAsset: {fileID: 0}
  m_GameObject: {fileID: 6275563949413082352}
  m_LocalRotation: {x: -0, y: -0.93838793, z: -0, w: -0.3455838}
  m_LocalPosition: {x: 53.7, y: -3, z: -24.5}
  m_LocalScale: {x: 1, y: 1, z: 1}
  m_Children: []
  m_Father: {fileID: 296989685967153574}
  m_RootOrder: 9
  m_LocalEulerAnglesHint: {x: 0, y: -220.435, z: 0}
--- !u!114 &4992021376971541517
MonoBehaviour:
  m_ObjectHideFlags: 0
  m_CorrespondingSourceObject: {fileID: 0}
  m_PrefabInstance: {fileID: 0}
  m_PrefabAsset: {fileID: 0}
  m_GameObject: {fileID: 6275563949413082352}
  m_Enabled: 1
  m_EditorHideFlags: 0
  m_Script: {fileID: 11500000, guid: 5852f10a92c8139408b4ec2274f5c7a3, type: 3}
  m_Name: 
  m_EditorClassIdentifier: 
  _animationName: idle
  _waitTime: {x: 1, y: 2}
--- !u!1 &6437740234603124600
GameObject:
  m_ObjectHideFlags: 0
  m_CorrespondingSourceObject: {fileID: 0}
  m_PrefabInstance: {fileID: 0}
  m_PrefabAsset: {fileID: 0}
  serializedVersion: 6
  m_Component:
  - component: {fileID: 7203270616519725225}
  - component: {fileID: 7243841900204262692}
  m_Layer: 0
  m_Name: Point
  m_TagString: Untagged
  m_Icon: {fileID: 7148428337604731935, guid: 0000000000000000d000000000000000, type: 0}
  m_NavMeshLayer: 0
  m_StaticEditorFlags: 0
  m_IsActive: 1
--- !u!4 &7203270616519725225
Transform:
  m_ObjectHideFlags: 0
  m_CorrespondingSourceObject: {fileID: 0}
  m_PrefabInstance: {fileID: 0}
  m_PrefabAsset: {fileID: 0}
  m_GameObject: {fileID: 6437740234603124600}
  m_LocalRotation: {x: -0, y: -0.93838793, z: -0, w: -0.3455838}
  m_LocalPosition: {x: 63.89999, y: -3, z: -4.6}
  m_LocalScale: {x: 1, y: 1, z: 1}
  m_Children: []
  m_Father: {fileID: 296989685967153574}
  m_RootOrder: 0
  m_LocalEulerAnglesHint: {x: 0, y: -220.435, z: 0}
--- !u!114 &7243841900204262692
MonoBehaviour:
  m_ObjectHideFlags: 0
  m_CorrespondingSourceObject: {fileID: 0}
  m_PrefabInstance: {fileID: 0}
  m_PrefabAsset: {fileID: 0}
  m_GameObject: {fileID: 6437740234603124600}
  m_Enabled: 1
  m_EditorHideFlags: 0
  m_Script: {fileID: 11500000, guid: 5852f10a92c8139408b4ec2274f5c7a3, type: 3}
  m_Name: 
  m_EditorClassIdentifier: 
  _animationName: idle
  _waitTime: {x: 1, y: 1}
--- !u!1 &6843347333038505268
GameObject:
  m_ObjectHideFlags: 0
  m_CorrespondingSourceObject: {fileID: 0}
  m_PrefabInstance: {fileID: 0}
  m_PrefabAsset: {fileID: 0}
  serializedVersion: 6
  m_Component:
  - component: {fileID: 4784505687647645251}
  - component: {fileID: 5177946711540769668}
  m_Layer: 0
  m_Name: Point (12)
  m_TagString: Untagged
  m_Icon: {fileID: 7148428337604731935, guid: 0000000000000000d000000000000000, type: 0}
  m_NavMeshLayer: 0
  m_StaticEditorFlags: 0
  m_IsActive: 1
--- !u!4 &4784505687647645251
Transform:
  m_ObjectHideFlags: 0
  m_CorrespondingSourceObject: {fileID: 0}
  m_PrefabInstance: {fileID: 0}
  m_PrefabAsset: {fileID: 0}
  m_GameObject: {fileID: 6843347333038505268}
  m_LocalRotation: {x: -0, y: -0.93838793, z: -0, w: -0.3455838}
  m_LocalPosition: {x: 21.5, y: -3, z: -9.4}
  m_LocalScale: {x: 1, y: 1, z: 1}
  m_Children: []
  m_Father: {fileID: 296989685967153574}
  m_RootOrder: 12
  m_LocalEulerAnglesHint: {x: 0, y: -220.435, z: 0}
--- !u!114 &5177946711540769668
MonoBehaviour:
  m_ObjectHideFlags: 0
  m_CorrespondingSourceObject: {fileID: 0}
  m_PrefabInstance: {fileID: 0}
  m_PrefabAsset: {fileID: 0}
  m_GameObject: {fileID: 6843347333038505268}
  m_Enabled: 1
  m_EditorHideFlags: 0
  m_Script: {fileID: 11500000, guid: 5852f10a92c8139408b4ec2274f5c7a3, type: 3}
  m_Name: 
  m_EditorClassIdentifier: 
  _animationName: idle
  _waitTime: {x: 1, y: 2}
--- !u!1 &7292970352563635823
GameObject:
  m_ObjectHideFlags: 0
  m_CorrespondingSourceObject: {fileID: 0}
  m_PrefabInstance: {fileID: 0}
  m_PrefabAsset: {fileID: 0}
  serializedVersion: 6
  m_Component:
  - component: {fileID: 6224174887799358650}
  - component: {fileID: 1507671427930284783}
  m_Layer: 0
  m_Name: Point
  m_TagString: Untagged
  m_Icon: {fileID: 7422848464349959988, guid: 0000000000000000d000000000000000, type: 0}
  m_NavMeshLayer: 0
  m_StaticEditorFlags: 0
  m_IsActive: 1
--- !u!4 &6224174887799358650
Transform:
  m_ObjectHideFlags: 0
  m_CorrespondingSourceObject: {fileID: 0}
  m_PrefabInstance: {fileID: 0}
  m_PrefabAsset: {fileID: 0}
  m_GameObject: {fileID: 7292970352563635823}
  m_LocalRotation: {x: -0, y: -0.8547323, z: -0, w: -0.5190692}
  m_LocalPosition: {x: 44.299995, y: -3, z: -19.8}
  m_LocalScale: {x: 1, y: 1, z: 1}
  m_Children: []
  m_Father: {fileID: 4307887885325414252}
  m_RootOrder: 0
  m_LocalEulerAnglesHint: {x: 0, y: -242.54001, z: 0}
--- !u!114 &1507671427930284783
MonoBehaviour:
  m_ObjectHideFlags: 0
  m_CorrespondingSourceObject: {fileID: 0}
  m_PrefabInstance: {fileID: 0}
  m_PrefabAsset: {fileID: 0}
  m_GameObject: {fileID: 7292970352563635823}
  m_Enabled: 1
  m_EditorHideFlags: 0
  m_Script: {fileID: 11500000, guid: 5852f10a92c8139408b4ec2274f5c7a3, type: 3}
  m_Name: 
  m_EditorClassIdentifier: 
  _animationName: idle
  _waitTime: {x: 0, y: 0}
--- !u!1 &7425718179403296084
GameObject:
  m_ObjectHideFlags: 0
  m_CorrespondingSourceObject: {fileID: 0}
  m_PrefabInstance: {fileID: 0}
  m_PrefabAsset: {fileID: 0}
  serializedVersion: 6
  m_Component:
  - component: {fileID: 244850182145514938}
  - component: {fileID: 391649828172603082}
  m_Layer: 0
  m_Name: Point (4)
  m_TagString: Untagged
  m_Icon: {fileID: 7148428337604731935, guid: 0000000000000000d000000000000000, type: 0}
  m_NavMeshLayer: 0
  m_StaticEditorFlags: 0
  m_IsActive: 1
--- !u!4 &244850182145514938
Transform:
  m_ObjectHideFlags: 0
  m_CorrespondingSourceObject: {fileID: 0}
  m_PrefabInstance: {fileID: 0}
  m_PrefabAsset: {fileID: 0}
  m_GameObject: {fileID: 7425718179403296084}
  m_LocalRotation: {x: -0, y: -0.93838793, z: -0, w: -0.3455838}
  m_LocalPosition: {x: 42.600002, y: -3, z: -3.3}
  m_LocalScale: {x: 1, y: 1, z: 1}
  m_Children: []
  m_Father: {fileID: 296989685967153574}
  m_RootOrder: 4
  m_LocalEulerAnglesHint: {x: 0, y: -220.435, z: 0}
--- !u!114 &391649828172603082
MonoBehaviour:
  m_ObjectHideFlags: 0
  m_CorrespondingSourceObject: {fileID: 0}
  m_PrefabInstance: {fileID: 0}
  m_PrefabAsset: {fileID: 0}
  m_GameObject: {fileID: 7425718179403296084}
  m_Enabled: 1
  m_EditorHideFlags: 0
  m_Script: {fileID: 11500000, guid: 5852f10a92c8139408b4ec2274f5c7a3, type: 3}
  m_Name: 
  m_EditorClassIdentifier: 
  _animationName: idle
  _waitTime: {x: 0, y: 0}
--- !u!1 &7503820240647424723
GameObject:
  m_ObjectHideFlags: 0
  m_CorrespondingSourceObject: {fileID: 0}
  m_PrefabInstance: {fileID: 0}
  m_PrefabAsset: {fileID: 0}
  serializedVersion: 6
  m_Component:
  - component: {fileID: 8687872994675662690}
  - component: {fileID: 2480506537040598542}
  m_Layer: 0
  m_Name: Point (3)
  m_TagString: Untagged
  m_Icon: {fileID: 7148428337604731935, guid: 0000000000000000d000000000000000, type: 0}
  m_NavMeshLayer: 0
  m_StaticEditorFlags: 0
  m_IsActive: 1
--- !u!4 &8687872994675662690
Transform:
  m_ObjectHideFlags: 0
  m_CorrespondingSourceObject: {fileID: 0}
  m_PrefabInstance: {fileID: 0}
  m_PrefabAsset: {fileID: 0}
  m_GameObject: {fileID: 7503820240647424723}
  m_LocalRotation: {x: -0, y: -0.93838793, z: -0, w: -0.3455838}
  m_LocalPosition: {x: 34.600006, y: -3, z: 10.1}
  m_LocalScale: {x: 1, y: 1, z: 1}
  m_Children: []
  m_Father: {fileID: 296989685967153574}
  m_RootOrder: 3
  m_LocalEulerAnglesHint: {x: 0, y: -220.435, z: 0}
--- !u!114 &2480506537040598542
MonoBehaviour:
  m_ObjectHideFlags: 0
  m_CorrespondingSourceObject: {fileID: 0}
  m_PrefabInstance: {fileID: 0}
  m_PrefabAsset: {fileID: 0}
  m_GameObject: {fileID: 7503820240647424723}
  m_Enabled: 1
  m_EditorHideFlags: 0
  m_Script: {fileID: 11500000, guid: 5852f10a92c8139408b4ec2274f5c7a3, type: 3}
  m_Name: 
  m_EditorClassIdentifier: 
  _animationName: idle
  _waitTime: {x: 2, y: 5}
--- !u!1 &7722113673744647614
GameObject:
  m_ObjectHideFlags: 0
  m_CorrespondingSourceObject: {fileID: 0}
  m_PrefabInstance: {fileID: 0}
  m_PrefabAsset: {fileID: 0}
  serializedVersion: 6
  m_Component:
  - component: {fileID: 5380632554982865425}
  - component: {fileID: 4220996457101505279}
  m_Layer: 0
  m_Name: Point
  m_TagString: Untagged
  m_Icon: {fileID: -5442936267250999957, guid: 0000000000000000d000000000000000, type: 0}
  m_NavMeshLayer: 0
  m_StaticEditorFlags: 0
  m_IsActive: 1
--- !u!4 &5380632554982865425
Transform:
  m_ObjectHideFlags: 0
  m_CorrespondingSourceObject: {fileID: 0}
  m_PrefabInstance: {fileID: 0}
  m_PrefabAsset: {fileID: 0}
  m_GameObject: {fileID: 7722113673744647614}
  m_LocalRotation: {x: -0, y: -0.93838793, z: -0, w: -0.3455838}
  m_LocalPosition: {x: 47.500004, y: -3, z: 8.3}
  m_LocalScale: {x: 1, y: 1, z: 1}
  m_Children: []
  m_Father: {fileID: 2287655110732688127}
  m_RootOrder: 0
  m_LocalEulerAnglesHint: {x: 0, y: -220.435, z: 0}
--- !u!114 &4220996457101505279
MonoBehaviour:
  m_ObjectHideFlags: 0
  m_CorrespondingSourceObject: {fileID: 0}
  m_PrefabInstance: {fileID: 0}
  m_PrefabAsset: {fileID: 0}
  m_GameObject: {fileID: 7722113673744647614}
  m_Enabled: 1
  m_EditorHideFlags: 0
  m_Script: {fileID: 11500000, guid: 5852f10a92c8139408b4ec2274f5c7a3, type: 3}
  m_Name: 
  m_EditorClassIdentifier: 
  _animationName: idle
  _waitTime: {x: 1, y: 1}
--- !u!1 &7765132768057945992
GameObject:
  m_ObjectHideFlags: 0
  m_CorrespondingSourceObject: {fileID: 0}
  m_PrefabInstance: {fileID: 0}
  m_PrefabAsset: {fileID: 0}
  serializedVersion: 6
  m_Component:
  - component: {fileID: 6665910768313028396}
  - component: {fileID: 4672716353355080567}
  m_Layer: 0
  m_Name: Point (1)
  m_TagString: Untagged
  m_Icon: {fileID: -5442936267250999957, guid: 0000000000000000d000000000000000, type: 0}
  m_NavMeshLayer: 0
  m_StaticEditorFlags: 0
  m_IsActive: 1
--- !u!4 &6665910768313028396
Transform:
  m_ObjectHideFlags: 0
  m_CorrespondingSourceObject: {fileID: 0}
  m_PrefabInstance: {fileID: 0}
  m_PrefabAsset: {fileID: 0}
  m_GameObject: {fileID: 7765132768057945992}
  m_LocalRotation: {x: -0, y: -0.93838793, z: -0, w: -0.3455838}
  m_LocalPosition: {x: 34.8, y: -3, z: 12.4}
  m_LocalScale: {x: 1, y: 1, z: 1}
  m_Children: []
  m_Father: {fileID: 2287655110732688127}
  m_RootOrder: 1
  m_LocalEulerAnglesHint: {x: 0, y: -220.435, z: 0}
--- !u!114 &4672716353355080567
MonoBehaviour:
  m_ObjectHideFlags: 0
  m_CorrespondingSourceObject: {fileID: 0}
  m_PrefabInstance: {fileID: 0}
  m_PrefabAsset: {fileID: 0}
  m_GameObject: {fileID: 7765132768057945992}
  m_Enabled: 1
  m_EditorHideFlags: 0
  m_Script: {fileID: 11500000, guid: 5852f10a92c8139408b4ec2274f5c7a3, type: 3}
  m_Name: 
  m_EditorClassIdentifier: 
  _animationName: idle
  _waitTime: {x: 0, y: 0}
--- !u!1 &7905058177209774141
GameObject:
  m_ObjectHideFlags: 0
  m_CorrespondingSourceObject: {fileID: 0}
  m_PrefabInstance: {fileID: 0}
  m_PrefabAsset: {fileID: 0}
  serializedVersion: 6
  m_Component:
  - component: {fileID: 839682528548403352}
  - component: {fileID: 5767194538320674059}
  m_Layer: 0
  m_Name: Point (2)
  m_TagString: Untagged
  m_Icon: {fileID: -5442936267250999957, guid: 0000000000000000d000000000000000, type: 0}
  m_NavMeshLayer: 0
  m_StaticEditorFlags: 0
  m_IsActive: 1
--- !u!4 &839682528548403352
Transform:
  m_ObjectHideFlags: 0
  m_CorrespondingSourceObject: {fileID: 0}
  m_PrefabInstance: {fileID: 0}
  m_PrefabAsset: {fileID: 0}
  m_GameObject: {fileID: 7905058177209774141}
  m_LocalRotation: {x: -0, y: -0.93838793, z: -0, w: -0.3455838}
  m_LocalPosition: {x: 25.100006, y: -3, z: 10.6}
  m_LocalScale: {x: 1, y: 1, z: 1}
  m_Children: []
  m_Father: {fileID: 2287655110732688127}
  m_RootOrder: 2
  m_LocalEulerAnglesHint: {x: 0, y: -220.435, z: 0}
--- !u!114 &5767194538320674059
MonoBehaviour:
  m_ObjectHideFlags: 0
  m_CorrespondingSourceObject: {fileID: 0}
  m_PrefabInstance: {fileID: 0}
  m_PrefabAsset: {fileID: 0}
  m_GameObject: {fileID: 7905058177209774141}
  m_Enabled: 1
  m_EditorHideFlags: 0
  m_Script: {fileID: 11500000, guid: 5852f10a92c8139408b4ec2274f5c7a3, type: 3}
  m_Name: 
  m_EditorClassIdentifier: 
  _animationName: idle
  _waitTime: {x: 0, y: 0}
--- !u!1 &8405713042322948688
GameObject:
  m_ObjectHideFlags: 0
  m_CorrespondingSourceObject: {fileID: 0}
  m_PrefabInstance: {fileID: 0}
  m_PrefabAsset: {fileID: 0}
  serializedVersion: 6
  m_Component:
  - component: {fileID: 6164594973241074760}
  - component: {fileID: 4101805209936016987}
  m_Layer: 0
  m_Name: Point (1)
  m_TagString: Untagged
  m_Icon: {fileID: 7148428337604731935, guid: 0000000000000000d000000000000000, type: 0}
  m_NavMeshLayer: 0
  m_StaticEditorFlags: 0
  m_IsActive: 1
--- !u!4 &6164594973241074760
Transform:
  m_ObjectHideFlags: 0
  m_CorrespondingSourceObject: {fileID: 0}
  m_PrefabInstance: {fileID: 0}
  m_PrefabAsset: {fileID: 0}
  m_GameObject: {fileID: 8405713042322948688}
  m_LocalRotation: {x: -0, y: -0.93838793, z: -0, w: -0.3455838}
  m_LocalPosition: {x: 53.000004, y: -3, z: 11.1}
  m_LocalScale: {x: 1, y: 1, z: 1}
  m_Children: []
  m_Father: {fileID: 296989685967153574}
  m_RootOrder: 1
  m_LocalEulerAnglesHint: {x: 0, y: -220.435, z: 0}
--- !u!114 &4101805209936016987
MonoBehaviour:
  m_ObjectHideFlags: 0
  m_CorrespondingSourceObject: {fileID: 0}
  m_PrefabInstance: {fileID: 0}
  m_PrefabAsset: {fileID: 0}
  m_GameObject: {fileID: 8405713042322948688}
  m_Enabled: 1
  m_EditorHideFlags: 0
  m_Script: {fileID: 11500000, guid: 5852f10a92c8139408b4ec2274f5c7a3, type: 3}
  m_Name: 
  m_EditorClassIdentifier: 
  _animationName: idle
  _waitTime: {x: 0, y: 0}
--- !u!1 &8694315083268897700
GameObject:
  m_ObjectHideFlags: 0
  m_CorrespondingSourceObject: {fileID: 0}
  m_PrefabInstance: {fileID: 0}
  m_PrefabAsset: {fileID: 0}
  serializedVersion: 6
  m_Component:
  - component: {fileID: 8306333020802677996}
  - component: {fileID: 1213965343445493543}
  m_Layer: 0
  m_Name: Point (6)
  m_TagString: Untagged
  m_Icon: {fileID: 7422848464349959988, guid: 0000000000000000d000000000000000, type: 0}
  m_NavMeshLayer: 0
  m_StaticEditorFlags: 0
  m_IsActive: 1
--- !u!4 &8306333020802677996
Transform:
  m_ObjectHideFlags: 0
  m_CorrespondingSourceObject: {fileID: 0}
  m_PrefabInstance: {fileID: 0}
  m_PrefabAsset: {fileID: 0}
  m_GameObject: {fileID: 8694315083268897700}
  m_LocalRotation: {x: -0, y: -0.8547323, z: -0, w: -0.5190692}
  m_LocalPosition: {x: 25.8, y: -3, z: -9.2}
  m_LocalScale: {x: 1, y: 1, z: 1}
  m_Children: []
  m_Father: {fileID: 4307887885325414252}
  m_RootOrder: 6
  m_LocalEulerAnglesHint: {x: 0, y: -242.54001, z: 0}
--- !u!114 &1213965343445493543
MonoBehaviour:
  m_ObjectHideFlags: 0
  m_CorrespondingSourceObject: {fileID: 0}
  m_PrefabInstance: {fileID: 0}
  m_PrefabAsset: {fileID: 0}
  m_GameObject: {fileID: 8694315083268897700}
  m_Enabled: 1
  m_EditorHideFlags: 0
  m_Script: {fileID: 11500000, guid: 5852f10a92c8139408b4ec2274f5c7a3, type: 3}
  m_Name: 
  m_EditorClassIdentifier: 
  _animationName: idle
  _waitTime: {x: 0, y: 0}
--- !u!1 &8773247352069956035
GameObject:
  m_ObjectHideFlags: 0
  m_CorrespondingSourceObject: {fileID: 0}
  m_PrefabInstance: {fileID: 0}
  m_PrefabAsset: {fileID: 0}
  serializedVersion: 6
  m_Component:
  - component: {fileID: 296989685967153574}
  - component: {fileID: 5267987776129593518}
  m_Layer: 0
  m_Name: path_03
  m_TagString: Untagged
  m_Icon: {fileID: 0}
  m_NavMeshLayer: 0
  m_StaticEditorFlags: 0
  m_IsActive: 1
--- !u!4 &296989685967153574
Transform:
  m_ObjectHideFlags: 0
  m_CorrespondingSourceObject: {fileID: 0}
  m_PrefabInstance: {fileID: 0}
  m_PrefabAsset: {fileID: 0}
  m_GameObject: {fileID: 8773247352069956035}
  m_LocalRotation: {x: -0.000000021855694, y: -0, z: -0, w: 1}
  m_LocalPosition: {x: -39.7, y: 0, z: -32.7}
  m_LocalScale: {x: 1, y: 1, z: 1}
  m_Children:
  - {fileID: 7203270616519725225}
  - {fileID: 6164594973241074760}
  - {fileID: 1559707410288920110}
  - {fileID: 8687872994675662690}
  - {fileID: 244850182145514938}
  - {fileID: 2311649989868331874}
  - {fileID: 4878101911007794750}
  - {fileID: 9015809995244842210}
  - {fileID: 3106094035044334583}
  - {fileID: 3515620421706793121}
  - {fileID: 6032906701685692863}
  - {fileID: 2507304742495366284}
  - {fileID: 4784505687647645251}
  - {fileID: 4160785043897839052}
  m_Father: {fileID: 4455830736674902016}
  m_RootOrder: 4
  m_LocalEulerAnglesHint: {x: 0, y: 0, z: 0}
--- !u!114 &5267987776129593518
MonoBehaviour:
  m_ObjectHideFlags: 0
  m_CorrespondingSourceObject: {fileID: 0}
  m_PrefabInstance: {fileID: 0}
  m_PrefabAsset: {fileID: 0}
  m_GameObject: {fileID: 8773247352069956035}
  m_Enabled: 1
  m_EditorHideFlags: 0
  m_Script: {fileID: 11500000, guid: 219bf220f2d2a40429e128742e3ae418, type: 3}
  m_Name: 
  m_EditorClassIdentifier: 
  _points:
  - {fileID: 7243841900204262692}
  - {fileID: 4101805209936016987}
  - {fileID: 8489124826277725374}
  - {fileID: 2480506537040598542}
  - {fileID: 391649828172603082}
  - {fileID: 8800906353827206445}
  - {fileID: 6319192633719342989}
  - {fileID: 1099903246084532539}
  - {fileID: 437845135304320070}
  - {fileID: 4992021376971541517}
  - {fileID: 6159120245588182940}
  - {fileID: 5609650017135679405}
  - {fileID: 5177946711540769668}
  - {fileID: 8391571073183380159}
  _alwaysDrawGizmos: 1
  _gizmoColor: {r: 1, g: 0.54593253, b: 0.23921567, a: 1}
--- !u!1 &9098143272209824236
GameObject:
  m_ObjectHideFlags: 0
  m_CorrespondingSourceObject: {fileID: 0}
  m_PrefabInstance: {fileID: 0}
  m_PrefabAsset: {fileID: 0}
  serializedVersion: 6
  m_Component:
  - component: {fileID: 6629505409932135153}
  - component: {fileID: 6767050121892522172}
  m_Layer: 0
  m_Name: Point (8)
  m_TagString: Untagged
  m_Icon: {fileID: 7422848464349959988, guid: 0000000000000000d000000000000000, type: 0}
  m_NavMeshLayer: 0
  m_StaticEditorFlags: 0
  m_IsActive: 1
--- !u!4 &6629505409932135153
Transform:
  m_ObjectHideFlags: 0
  m_CorrespondingSourceObject: {fileID: 0}
  m_PrefabInstance: {fileID: 0}
  m_PrefabAsset: {fileID: 0}
  m_GameObject: {fileID: 9098143272209824236}
  m_LocalRotation: {x: -0, y: -0.8547323, z: -0, w: -0.5190692}
  m_LocalPosition: {x: 28.800003, y: -3, z: -3}
  m_LocalScale: {x: 1, y: 1, z: 1}
  m_Children: []
  m_Father: {fileID: 4307887885325414252}
  m_RootOrder: 8
  m_LocalEulerAnglesHint: {x: 0, y: -242.54001, z: 0}
--- !u!114 &6767050121892522172
MonoBehaviour:
  m_ObjectHideFlags: 0
  m_CorrespondingSourceObject: {fileID: 0}
  m_PrefabInstance: {fileID: 0}
  m_PrefabAsset: {fileID: 0}
  m_GameObject: {fileID: 9098143272209824236}
  m_Enabled: 1
  m_EditorHideFlags: 0
  m_Script: {fileID: 11500000, guid: 5852f10a92c8139408b4ec2274f5c7a3, type: 3}
  m_Name: 
  m_EditorClassIdentifier: 
  _animationName: idle
  _waitTime: {x: 0, y: 0}
--- !u!1001 &2634520932017846373
PrefabInstance:
  m_ObjectHideFlags: 0
  serializedVersion: 2
  m_Modification:
    m_TransformParent: {fileID: 3457874701566124215}
    m_Modifications:
    - target: {fileID: 273759275470059222, guid: 9279cd5337e3ccb4b93020a5b0099125, type: 3}
      propertyPath: m_RootOrder
      value: 0
      objectReference: {fileID: 0}
    - target: {fileID: 273759275470059222, guid: 9279cd5337e3ccb4b93020a5b0099125, type: 3}
      propertyPath: m_LocalPosition.x
      value: -20.2
      objectReference: {fileID: 0}
    - target: {fileID: 273759275470059222, guid: 9279cd5337e3ccb4b93020a5b0099125, type: 3}
      propertyPath: m_LocalPosition.y
      value: 1.8516351
      objectReference: {fileID: 0}
    - target: {fileID: 273759275470059222, guid: 9279cd5337e3ccb4b93020a5b0099125, type: 3}
      propertyPath: m_LocalPosition.z
      value: -21.900002
      objectReference: {fileID: 0}
    - target: {fileID: 273759275470059222, guid: 9279cd5337e3ccb4b93020a5b0099125, type: 3}
      propertyPath: m_LocalRotation.w
      value: 1
      objectReference: {fileID: 0}
    - target: {fileID: 273759275470059222, guid: 9279cd5337e3ccb4b93020a5b0099125, type: 3}
      propertyPath: m_LocalRotation.x
      value: -0.000000021855694
      objectReference: {fileID: 0}
    - target: {fileID: 273759275470059222, guid: 9279cd5337e3ccb4b93020a5b0099125, type: 3}
      propertyPath: m_LocalRotation.y
      value: -0
      objectReference: {fileID: 0}
    - target: {fileID: 273759275470059222, guid: 9279cd5337e3ccb4b93020a5b0099125, type: 3}
      propertyPath: m_LocalRotation.z
      value: -0
      objectReference: {fileID: 0}
    - target: {fileID: 273759275470059222, guid: 9279cd5337e3ccb4b93020a5b0099125, type: 3}
      propertyPath: m_LocalEulerAnglesHint.x
      value: 0
      objectReference: {fileID: 0}
    - target: {fileID: 273759275470059222, guid: 9279cd5337e3ccb4b93020a5b0099125, type: 3}
      propertyPath: m_LocalEulerAnglesHint.y
      value: 0
      objectReference: {fileID: 0}
    - target: {fileID: 273759275470059222, guid: 9279cd5337e3ccb4b93020a5b0099125, type: 3}
      propertyPath: m_LocalEulerAnglesHint.z
      value: 0
      objectReference: {fileID: 0}
    - target: {fileID: 7505063999993107711, guid: 9279cd5337e3ccb4b93020a5b0099125, type: 3}
      propertyPath: m_Name
      value: palm_forest_01 (1)
      objectReference: {fileID: 0}
    m_RemovedComponents: []
  m_SourcePrefab: {fileID: 100100000, guid: 9279cd5337e3ccb4b93020a5b0099125, type: 3}
--- !u!4 &2829144882610523827 stripped
Transform:
  m_CorrespondingSourceObject: {fileID: 273759275470059222, guid: 9279cd5337e3ccb4b93020a5b0099125, type: 3}
  m_PrefabInstance: {fileID: 2634520932017846373}
  m_PrefabAsset: {fileID: 0}
--- !u!1001 &4758096780945384141
PrefabInstance:
  m_ObjectHideFlags: 0
  serializedVersion: 2
  m_Modification:
    m_TransformParent: {fileID: 3457874701566124215}
    m_Modifications:
    - target: {fileID: 273759275470059222, guid: 9279cd5337e3ccb4b93020a5b0099125, type: 3}
      propertyPath: m_RootOrder
      value: 1
      objectReference: {fileID: 0}
    - target: {fileID: 273759275470059222, guid: 9279cd5337e3ccb4b93020a5b0099125, type: 3}
      propertyPath: m_LocalPosition.x
      value: 16.699997
      objectReference: {fileID: 0}
    - target: {fileID: 273759275470059222, guid: 9279cd5337e3ccb4b93020a5b0099125, type: 3}
      propertyPath: m_LocalPosition.y
      value: 1.8516335
      objectReference: {fileID: 0}
    - target: {fileID: 273759275470059222, guid: 9279cd5337e3ccb4b93020a5b0099125, type: 3}
      propertyPath: m_LocalPosition.z
      value: -53.7
      objectReference: {fileID: 0}
    - target: {fileID: 273759275470059222, guid: 9279cd5337e3ccb4b93020a5b0099125, type: 3}
      propertyPath: m_LocalRotation.w
      value: 1
      objectReference: {fileID: 0}
    - target: {fileID: 273759275470059222, guid: 9279cd5337e3ccb4b93020a5b0099125, type: 3}
      propertyPath: m_LocalRotation.x
      value: -0.000000021855694
      objectReference: {fileID: 0}
    - target: {fileID: 273759275470059222, guid: 9279cd5337e3ccb4b93020a5b0099125, type: 3}
      propertyPath: m_LocalRotation.y
      value: -0
      objectReference: {fileID: 0}
    - target: {fileID: 273759275470059222, guid: 9279cd5337e3ccb4b93020a5b0099125, type: 3}
      propertyPath: m_LocalRotation.z
      value: -0
      objectReference: {fileID: 0}
    - target: {fileID: 273759275470059222, guid: 9279cd5337e3ccb4b93020a5b0099125, type: 3}
      propertyPath: m_LocalEulerAnglesHint.x
      value: 0
      objectReference: {fileID: 0}
    - target: {fileID: 273759275470059222, guid: 9279cd5337e3ccb4b93020a5b0099125, type: 3}
      propertyPath: m_LocalEulerAnglesHint.y
      value: 0
      objectReference: {fileID: 0}
    - target: {fileID: 273759275470059222, guid: 9279cd5337e3ccb4b93020a5b0099125, type: 3}
      propertyPath: m_LocalEulerAnglesHint.z
      value: 0
      objectReference: {fileID: 0}
    - target: {fileID: 7505063999993107711, guid: 9279cd5337e3ccb4b93020a5b0099125, type: 3}
      propertyPath: m_Name
      value: palm_forest_01
      objectReference: {fileID: 0}
    m_RemovedComponents: []
  m_SourcePrefab: {fileID: 100100000, guid: 9279cd5337e3ccb4b93020a5b0099125, type: 3}
--- !u!4 &4739107649007752219 stripped
Transform:
  m_CorrespondingSourceObject: {fileID: 273759275470059222, guid: 9279cd5337e3ccb4b93020a5b0099125, type: 3}
  m_PrefabInstance: {fileID: 4758096780945384141}
  m_PrefabAsset: {fileID: 0}
--- !u!1001 &4842926293865713919
PrefabInstance:
  m_ObjectHideFlags: 0
  serializedVersion: 2
  m_Modification:
    m_TransformParent: {fileID: 4455830736674902016}
    m_Modifications:
    - target: {fileID: 5891556140402611791, guid: e9b29269eda129f44b11bb2b66e82df6, type: 3}
      propertyPath: m_RootOrder
      value: 0
      objectReference: {fileID: 0}
    - target: {fileID: 5891556140402611791, guid: e9b29269eda129f44b11bb2b66e82df6, type: 3}
      propertyPath: m_LocalPosition.x
      value: 38.70562
      objectReference: {fileID: 0}
    - target: {fileID: 5891556140402611791, guid: e9b29269eda129f44b11bb2b66e82df6, type: 3}
      propertyPath: m_LocalPosition.y
      value: -0
      objectReference: {fileID: 0}
    - target: {fileID: 5891556140402611791, guid: e9b29269eda129f44b11bb2b66e82df6, type: 3}
      propertyPath: m_LocalPosition.z
      value: -35.56478
      objectReference: {fileID: 0}
    - target: {fileID: 5891556140402611791, guid: e9b29269eda129f44b11bb2b66e82df6, type: 3}
      propertyPath: m_LocalRotation.w
      value: 0.70710784
      objectReference: {fileID: 0}
    - target: {fileID: 5891556140402611791, guid: e9b29269eda129f44b11bb2b66e82df6, type: 3}
      propertyPath: m_LocalRotation.x
      value: -1.7763568e-15
      objectReference: {fileID: 0}
    - target: {fileID: 5891556140402611791, guid: e9b29269eda129f44b11bb2b66e82df6, type: 3}
      propertyPath: m_LocalRotation.y
      value: 0.70710576
      objectReference: {fileID: 0}
    - target: {fileID: 5891556140402611791, guid: e9b29269eda129f44b11bb2b66e82df6, type: 3}
      propertyPath: m_LocalRotation.z
      value: -0.000000030908577
      objectReference: {fileID: 0}
    - target: {fileID: 5891556140402611791, guid: e9b29269eda129f44b11bb2b66e82df6, type: 3}
      propertyPath: m_LocalEulerAnglesHint.x
      value: 0
      objectReference: {fileID: 0}
    - target: {fileID: 5891556140402611791, guid: e9b29269eda129f44b11bb2b66e82df6, type: 3}
      propertyPath: m_LocalEulerAnglesHint.y
      value: 0
      objectReference: {fileID: 0}
    - target: {fileID: 5891556140402611791, guid: e9b29269eda129f44b11bb2b66e82df6, type: 3}
      propertyPath: m_LocalEulerAnglesHint.z
      value: 0
      objectReference: {fileID: 0}
    - target: {fileID: 9175169824969657057, guid: e9b29269eda129f44b11bb2b66e82df6, type: 3}
      propertyPath: m_Name
      value: Fences
      objectReference: {fileID: 0}
    m_RemovedComponents: []
  m_SourcePrefab: {fileID: 100100000, guid: e9b29269eda129f44b11bb2b66e82df6, type: 3}
--- !u!4 &1366425593251088048 stripped
Transform:
  m_CorrespondingSourceObject: {fileID: 5891556140402611791, guid: e9b29269eda129f44b11bb2b66e82df6, type: 3}
  m_PrefabInstance: {fileID: 4842926293865713919}
  m_PrefabAsset: {fileID: 0}
