%YAML 1.1
%TAG !u! tag:unity3d.com,2011:
--- !u!1 &382406175250539239
GameObject:
  m_ObjectHideFlags: 0
  m_CorrespondingSourceObject: {fileID: 0}
  m_PrefabInstance: {fileID: 0}
  m_PrefabAsset: {fileID: 0}
  serializedVersion: 6
  m_Component:
  - component: {fileID: 2622371991059891455}
  - component: {fileID: 5261621647138051820}
  m_Layer: 0
  m_Name: Point (1)
  m_TagString: Untagged
  m_Icon: {fileID: 7148428337604731935, guid: 0000000000000000d000000000000000, type: 0}
  m_NavMeshLayer: 0
  m_StaticEditorFlags: 0
  m_IsActive: 1
--- !u!4 &2622371991059891455
Transform:
  m_ObjectHideFlags: 0
  m_CorrespondingSourceObject: {fileID: 0}
  m_PrefabInstance: {fileID: 0}
  m_PrefabAsset: {fileID: 0}
  m_GameObject: {fileID: 382406175250539239}
  m_LocalRotation: {x: -0, y: -0.93838793, z: -0, w: -0.3455838}
  m_LocalPosition: {x: 53.000004, y: -3, z: 11.1}
  m_LocalScale: {x: 1, y: 1, z: 1}
  m_Children: []
  m_Father: {fileID: 8500154598545721617}
  m_RootOrder: 1
  m_LocalEulerAnglesHint: {x: 0, y: -220.435, z: 0}
--- !u!114 &5261621647138051820
MonoBehaviour:
  m_ObjectHideFlags: 0
  m_CorrespondingSourceObject: {fileID: 0}
  m_PrefabInstance: {fileID: 0}
  m_PrefabAsset: {fileID: 0}
  m_GameObject: {fileID: 382406175250539239}
  m_Enabled: 1
  m_EditorHideFlags: 0
  m_Script: {fileID: 11500000, guid: 5852f10a92c8139408b4ec2274f5c7a3, type: 3}
  m_Name: 
  m_EditorClassIdentifier: 
  _animationName: idle
  _waitTime: {x: 0, y: 0}
--- !u!1 &588096755061113204
GameObject:
  m_ObjectHideFlags: 0
  m_CorrespondingSourceObject: {fileID: 0}
  m_PrefabInstance: {fileID: 0}
  m_PrefabAsset: {fileID: 0}
  serializedVersion: 6
  m_Component:
  - component: {fileID: 8500154598545721617}
  - component: {fileID: 4103383859951013913}
  m_Layer: 0
  m_Name: path_03
  m_TagString: Untagged
  m_Icon: {fileID: 0}
  m_NavMeshLayer: 0
  m_StaticEditorFlags: 0
  m_IsActive: 1
--- !u!4 &8500154598545721617
Transform:
  m_ObjectHideFlags: 0
  m_CorrespondingSourceObject: {fileID: 0}
  m_PrefabInstance: {fileID: 0}
  m_PrefabAsset: {fileID: 0}
  m_GameObject: {fileID: 588096755061113204}
  m_LocalRotation: {x: -0.000000021855694, y: -0, z: -0, w: 1}
  m_LocalPosition: {x: -39.7, y: 0, z: -32.7}
  m_LocalScale: {x: 1, y: 1, z: 1}
  m_Children:
  - {fileID: 1305669439082246174}
  - {fileID: 2622371991059891455}
  - {fileID: 7227348013284239001}
  - {fileID: 682301308138717141}
  - {fileID: 8254080967409892621}
  - {fileID: 5907916163011920853}
  - {fileID: 3628771887946430089}
  - {fileID: 934237943277702229}
  - {fileID: 6553462072594176832}
  - {fileID: 4692888509593100310}
  - {fileID: 2472673796624152840}
  - {fileID: 5990420242745576507}
  - {fileID: 3714477431557230324}
  - {fileID: 5212794428543438203}
  m_Father: {fileID: 5494331534078390455}
  m_RootOrder: 4
  m_LocalEulerAnglesHint: {x: 0, y: 0, z: 0}
--- !u!114 &4103383859951013913
MonoBehaviour:
  m_ObjectHideFlags: 0
  m_CorrespondingSourceObject: {fileID: 0}
  m_PrefabInstance: {fileID: 0}
  m_PrefabAsset: {fileID: 0}
  m_GameObject: {fileID: 588096755061113204}
  m_Enabled: 1
  m_EditorHideFlags: 0
  m_Script: {fileID: 11500000, guid: 219bf220f2d2a40429e128742e3ae418, type: 3}
  m_Name: 
  m_EditorClassIdentifier: 
  _points:
  - {fileID: 1544392508501026195}
  - {fileID: 5261621647138051820}
  - {fileID: 299187098442114057}
  - {fileID: 6018221512688449209}
  - {fileID: 8396654090744790653}
  - {fileID: 849661538697950618}
  - {fileID: 2764026141603079994}
  - {fileID: 9127150704850667916}
  - {fileID: 8645234311421494513}
  - {fileID: 3796178139914562746}
  - {fileID: 2634627922418018091}
  - {fileID: 4337241189169018650}
  - {fileID: 3905254196960838451}
  - {fileID: 404579012249621000}
  _alwaysDrawGizmos: 1
  _gizmoColor: {r: 1, g: 0.54593253, b: 0.23921567, a: 1}
--- !u!1 &667072163209960211
GameObject:
  m_ObjectHideFlags: 0
  m_CorrespondingSourceObject: {fileID: 0}
  m_PrefabInstance: {fileID: 0}
  m_PrefabAsset: {fileID: 0}
  serializedVersion: 6
  m_Component:
  - component: {fileID: 193521495223573595}
  - component: {fileID: 7003480143512094608}
  m_Layer: 0
  m_Name: Point (6)
  m_TagString: Untagged
  m_Icon: {fileID: 7422848464349959988, guid: 0000000000000000d000000000000000, type: 0}
  m_NavMeshLayer: 0
  m_StaticEditorFlags: 0
  m_IsActive: 1
--- !u!4 &193521495223573595
Transform:
  m_ObjectHideFlags: 0
  m_CorrespondingSourceObject: {fileID: 0}
  m_PrefabInstance: {fileID: 0}
  m_PrefabAsset: {fileID: 0}
  m_GameObject: {fileID: 667072163209960211}
  m_LocalRotation: {x: -0, y: -0.8547323, z: -0, w: -0.5190692}
  m_LocalPosition: {x: 25.8, y: -3, z: -9.2}
  m_LocalScale: {x: 1, y: 1, z: 1}
  m_Children: []
  m_Father: {fileID: 5341605800974077915}
  m_RootOrder: 6
  m_LocalEulerAnglesHint: {x: 0, y: -242.54001, z: 0}
--- !u!114 &7003480143512094608
MonoBehaviour:
  m_ObjectHideFlags: 0
  m_CorrespondingSourceObject: {fileID: 0}
  m_PrefabInstance: {fileID: 0}
  m_PrefabAsset: {fileID: 0}
  m_GameObject: {fileID: 667072163209960211}
  m_Enabled: 1
  m_EditorHideFlags: 0
  m_Script: {fileID: 11500000, guid: 5852f10a92c8139408b4ec2274f5c7a3, type: 3}
  m_Name: 
  m_EditorClassIdentifier: 
  _animationName: idle
  _waitTime: {x: 0, y: 0}
--- !u!1 &1128883998438938971
GameObject:
  m_ObjectHideFlags: 0
  m_CorrespondingSourceObject: {fileID: 0}
  m_PrefabInstance: {fileID: 0}
  m_PrefabAsset: {fileID: 0}
  serializedVersion: 6
  m_Component:
  - component: {fileID: 3308244749361048134}
  - component: {fileID: 3170788272705406987}
  m_Layer: 0
  m_Name: Point (8)
  m_TagString: Untagged
  m_Icon: {fileID: 7422848464349959988, guid: 0000000000000000d000000000000000, type: 0}
  m_NavMeshLayer: 0
  m_StaticEditorFlags: 0
  m_IsActive: 1
--- !u!4 &3308244749361048134
Transform:
  m_ObjectHideFlags: 0
  m_CorrespondingSourceObject: {fileID: 0}
  m_PrefabInstance: {fileID: 0}
  m_PrefabAsset: {fileID: 0}
  m_GameObject: {fileID: 1128883998438938971}
  m_LocalRotation: {x: -0, y: -0.8547323, z: -0, w: -0.5190692}
  m_LocalPosition: {x: 28.800003, y: -3, z: -3}
  m_LocalScale: {x: 1, y: 1, z: 1}
  m_Children: []
  m_Father: {fileID: 5341605800974077915}
  m_RootOrder: 8
  m_LocalEulerAnglesHint: {x: 0, y: -242.54001, z: 0}
--- !u!114 &3170788272705406987
MonoBehaviour:
  m_ObjectHideFlags: 0
  m_CorrespondingSourceObject: {fileID: 0}
  m_PrefabInstance: {fileID: 0}
  m_PrefabAsset: {fileID: 0}
  m_GameObject: {fileID: 1128883998438938971}
  m_Enabled: 1
  m_EditorHideFlags: 0
  m_Script: {fileID: 11500000, guid: 5852f10a92c8139408b4ec2274f5c7a3, type: 3}
  m_Name: 
  m_EditorClassIdentifier: 
  _animationName: idle
  _waitTime: {x: 0, y: 0}
--- !u!1 &1503172019158296280
GameObject:
  m_ObjectHideFlags: 0
  m_CorrespondingSourceObject: {fileID: 0}
  m_PrefabInstance: {fileID: 0}
  m_PrefabAsset: {fileID: 0}
  serializedVersion: 6
  m_Component:
  - component: {fileID: 2848866568149820429}
  - component: {fileID: 7279453299100877400}
  m_Layer: 0
  m_Name: Point
  m_TagString: Untagged
  m_Icon: {fileID: 7422848464349959988, guid: 0000000000000000d000000000000000, type: 0}
  m_NavMeshLayer: 0
  m_StaticEditorFlags: 0
  m_IsActive: 1
--- !u!4 &2848866568149820429
Transform:
  m_ObjectHideFlags: 0
  m_CorrespondingSourceObject: {fileID: 0}
  m_PrefabInstance: {fileID: 0}
  m_PrefabAsset: {fileID: 0}
  m_GameObject: {fileID: 1503172019158296280}
  m_LocalRotation: {x: -0, y: -0.8547323, z: -0, w: -0.5190692}
  m_LocalPosition: {x: 44.299995, y: -3, z: -19.8}
  m_LocalScale: {x: 1, y: 1, z: 1}
  m_Children: []
  m_Father: {fileID: 5341605800974077915}
  m_RootOrder: 0
  m_LocalEulerAnglesHint: {x: 0, y: -242.54001, z: 0}
--- !u!114 &7279453299100877400
MonoBehaviour:
  m_ObjectHideFlags: 0
  m_CorrespondingSourceObject: {fileID: 0}
  m_PrefabInstance: {fileID: 0}
  m_PrefabAsset: {fileID: 0}
  m_GameObject: {fileID: 1503172019158296280}
  m_Enabled: 1
  m_EditorHideFlags: 0
  m_Script: {fileID: 11500000, guid: 5852f10a92c8139408b4ec2274f5c7a3, type: 3}
  m_Name: 
  m_EditorClassIdentifier: 
  _animationName: idle
  _waitTime: {x: 0, y: 0}
--- !u!1 &1649707584094997987
GameObject:
  m_ObjectHideFlags: 0
  m_CorrespondingSourceObject: {fileID: 0}
  m_PrefabInstance: {fileID: 0}
  m_PrefabAsset: {fileID: 0}
  serializedVersion: 6
  m_Component:
  - component: {fileID: 8254080967409892621}
  - component: {fileID: 8396654090744790653}
  m_Layer: 0
  m_Name: Point (4)
  m_TagString: Untagged
  m_Icon: {fileID: 7148428337604731935, guid: 0000000000000000d000000000000000, type: 0}
  m_NavMeshLayer: 0
  m_StaticEditorFlags: 0
  m_IsActive: 1
--- !u!4 &8254080967409892621
Transform:
  m_ObjectHideFlags: 0
  m_CorrespondingSourceObject: {fileID: 0}
  m_PrefabInstance: {fileID: 0}
  m_PrefabAsset: {fileID: 0}
  m_GameObject: {fileID: 1649707584094997987}
  m_LocalRotation: {x: -0, y: -0.93838793, z: -0, w: -0.3455838}
  m_LocalPosition: {x: 42.600002, y: -3, z: -3.3}
  m_LocalScale: {x: 1, y: 1, z: 1}
  m_Children: []
  m_Father: {fileID: 8500154598545721617}
  m_RootOrder: 4
  m_LocalEulerAnglesHint: {x: 0, y: -220.435, z: 0}
--- !u!114 &8396654090744790653
MonoBehaviour:
  m_ObjectHideFlags: 0
  m_CorrespondingSourceObject: {fileID: 0}
  m_PrefabInstance: {fileID: 0}
  m_PrefabAsset: {fileID: 0}
  m_GameObject: {fileID: 1649707584094997987}
  m_Enabled: 1
  m_EditorHideFlags: 0
  m_Script: {fileID: 11500000, guid: 5852f10a92c8139408b4ec2274f5c7a3, type: 3}
  m_Name: 
  m_EditorClassIdentifier: 
  _animationName: idle
  _waitTime: {x: 0, y: 0}
--- !u!1 &1858702251536902756
GameObject:
  m_ObjectHideFlags: 0
  m_CorrespondingSourceObject: {fileID: 0}
  m_PrefabInstance: {fileID: 0}
  m_PrefabAsset: {fileID: 0}
  serializedVersion: 6
  m_Component:
  - component: {fileID: 682301308138717141}
  - component: {fileID: 6018221512688449209}
  m_Layer: 0
  m_Name: Point (3)
  m_TagString: Untagged
  m_Icon: {fileID: 7148428337604731935, guid: 0000000000000000d000000000000000, type: 0}
  m_NavMeshLayer: 0
  m_StaticEditorFlags: 0
  m_IsActive: 1
--- !u!4 &682301308138717141
Transform:
  m_ObjectHideFlags: 0
  m_CorrespondingSourceObject: {fileID: 0}
  m_PrefabInstance: {fileID: 0}
  m_PrefabAsset: {fileID: 0}
  m_GameObject: {fileID: 1858702251536902756}
  m_LocalRotation: {x: -0, y: -0.93838793, z: -0, w: -0.3455838}
  m_LocalPosition: {x: 34.600006, y: -3, z: 10.1}
  m_LocalScale: {x: 1, y: 1, z: 1}
  m_Children: []
  m_Father: {fileID: 8500154598545721617}
  m_RootOrder: 3
  m_LocalEulerAnglesHint: {x: 0, y: -220.435, z: 0}
--- !u!114 &6018221512688449209
MonoBehaviour:
  m_ObjectHideFlags: 0
  m_CorrespondingSourceObject: {fileID: 0}
  m_PrefabInstance: {fileID: 0}
  m_PrefabAsset: {fileID: 0}
  m_GameObject: {fileID: 1858702251536902756}
  m_Enabled: 1
  m_EditorHideFlags: 0
  m_Script: {fileID: 11500000, guid: 5852f10a92c8139408b4ec2274f5c7a3, type: 3}
  m_Name: 
  m_EditorClassIdentifier: 
  _animationName: idle
  _waitTime: {x: 2, y: 5}
--- !u!1 &1885539320390520639
GameObject:
  m_ObjectHideFlags: 0
  m_CorrespondingSourceObject: {fileID: 0}
  m_PrefabInstance: {fileID: 0}
  m_PrefabAsset: {fileID: 0}
  serializedVersion: 6
  m_Component:
  - component: {fileID: 3272869667668078491}
  - component: {fileID: 3544704394599400384}
  m_Layer: 0
  m_Name: Point (1)
  m_TagString: Untagged
  m_Icon: {fileID: -5442936267250999957, guid: 0000000000000000d000000000000000, type: 0}
  m_NavMeshLayer: 0
  m_StaticEditorFlags: 0
  m_IsActive: 1
--- !u!4 &3272869667668078491
Transform:
  m_ObjectHideFlags: 0
  m_CorrespondingSourceObject: {fileID: 0}
  m_PrefabInstance: {fileID: 0}
  m_PrefabAsset: {fileID: 0}
  m_GameObject: {fileID: 1885539320390520639}
  m_LocalRotation: {x: -0, y: -0.93838793, z: -0, w: -0.3455838}
  m_LocalPosition: {x: 34.60001, y: -3, z: 15.8}
  m_LocalScale: {x: 1, y: 1, z: 1}
  m_Children: []
  m_Father: {fileID: 7950789762873969224}
  m_RootOrder: 1
  m_LocalEulerAnglesHint: {x: 0, y: -220.435, z: 0}
--- !u!114 &3544704394599400384
MonoBehaviour:
  m_ObjectHideFlags: 0
  m_CorrespondingSourceObject: {fileID: 0}
  m_PrefabInstance: {fileID: 0}
  m_PrefabAsset: {fileID: 0}
  m_GameObject: {fileID: 1885539320390520639}
  m_Enabled: 1
  m_EditorHideFlags: 0
  m_Script: {fileID: 11500000, guid: 5852f10a92c8139408b4ec2274f5c7a3, type: 3}
  m_Name: 
  m_EditorClassIdentifier: 
  _animationName: idle
  _waitTime: {x: 0, y: 0}
--- !u!1 &1928655961623553289
GameObject:
  m_ObjectHideFlags: 0
  m_CorrespondingSourceObject: {fileID: 0}
  m_PrefabInstance: {fileID: 0}
  m_PrefabAsset: {fileID: 0}
  serializedVersion: 6
  m_Component:
  - component: {fileID: 4270076366593563302}
  - component: {fileID: 5438799069789672008}
  m_Layer: 0
  m_Name: Point
  m_TagString: Untagged
  m_Icon: {fileID: -5442936267250999957, guid: 0000000000000000d000000000000000, type: 0}
  m_NavMeshLayer: 0
  m_StaticEditorFlags: 0
  m_IsActive: 1
--- !u!4 &4270076366593563302
Transform:
  m_ObjectHideFlags: 0
  m_CorrespondingSourceObject: {fileID: 0}
  m_PrefabInstance: {fileID: 0}
  m_PrefabAsset: {fileID: 0}
  m_GameObject: {fileID: 1928655961623553289}
  m_LocalRotation: {x: -0, y: -0.93838793, z: -0, w: -0.3455838}
  m_LocalPosition: {x: 47.500004, y: -3, z: 8.3}
  m_LocalScale: {x: 1, y: 1, z: 1}
  m_Children: []
  m_Father: {fileID: 7950789762873969224}
  m_RootOrder: 0
  m_LocalEulerAnglesHint: {x: 0, y: -220.435, z: 0}
--- !u!114 &5438799069789672008
MonoBehaviour:
  m_ObjectHideFlags: 0
  m_CorrespondingSourceObject: {fileID: 0}
  m_PrefabInstance: {fileID: 0}
  m_PrefabAsset: {fileID: 0}
  m_GameObject: {fileID: 1928655961623553289}
  m_Enabled: 1
  m_EditorHideFlags: 0
  m_Script: {fileID: 11500000, guid: 5852f10a92c8139408b4ec2274f5c7a3, type: 3}
  m_Name: 
  m_EditorClassIdentifier: 
  _animationName: idle
  _waitTime: {x: 1, y: 1}
--- !u!1 &2044048871568232586
GameObject:
  m_ObjectHideFlags: 0
  m_CorrespondingSourceObject: {fileID: 0}
  m_PrefabInstance: {fileID: 0}
  m_PrefabAsset: {fileID: 0}
  serializedVersion: 6
  m_Component:
  - component: {fileID: 8813163861466470447}
  - component: {fileID: 2441148882329230780}
  m_Layer: 0
  m_Name: Point (2)
  m_TagString: Untagged
  m_Icon: {fileID: -5442936267250999957, guid: 0000000000000000d000000000000000, type: 0}
  m_NavMeshLayer: 0
  m_StaticEditorFlags: 0
  m_IsActive: 1
--- !u!4 &8813163861466470447
Transform:
  m_ObjectHideFlags: 0
  m_CorrespondingSourceObject: {fileID: 0}
  m_PrefabInstance: {fileID: 0}
  m_PrefabAsset: {fileID: 0}
  m_GameObject: {fileID: 2044048871568232586}
  m_LocalRotation: {x: -0, y: -0.93838793, z: -0, w: -0.3455838}
  m_LocalPosition: {x: 25.100006, y: -3, z: 10.6}
  m_LocalScale: {x: 1, y: 1, z: 1}
  m_Children: []
  m_Father: {fileID: 7950789762873969224}
  m_RootOrder: 2
  m_LocalEulerAnglesHint: {x: 0, y: -220.435, z: 0}
--- !u!114 &2441148882329230780
MonoBehaviour:
  m_ObjectHideFlags: 0
  m_CorrespondingSourceObject: {fileID: 0}
  m_PrefabInstance: {fileID: 0}
  m_PrefabAsset: {fileID: 0}
  m_GameObject: {fileID: 2044048871568232586}
  m_Enabled: 1
  m_EditorHideFlags: 0
  m_Script: {fileID: 11500000, guid: 5852f10a92c8139408b4ec2274f5c7a3, type: 3}
  m_Name: 
  m_EditorClassIdentifier: 
  _animationName: idle
  _waitTime: {x: 0, y: 0}
--- !u!1 &2623986760204916095
GameObject:
  m_ObjectHideFlags: 0
  m_CorrespondingSourceObject: {fileID: 0}
  m_PrefabInstance: {fileID: 0}
  m_PrefabAsset: {fileID: 0}
  serializedVersion: 6
  m_Component:
  - component: {fileID: 6420696302905528085}
  - component: {fileID: 3702803962669442456}
  m_Layer: 0
  m_Name: Point (3)
  m_TagString: Untagged
  m_Icon: {fileID: -5442936267250999957, guid: 0000000000000000d000000000000000, type: 0}
  m_NavMeshLayer: 0
  m_StaticEditorFlags: 0
  m_IsActive: 1
--- !u!4 &6420696302905528085
Transform:
  m_ObjectHideFlags: 0
  m_CorrespondingSourceObject: {fileID: 0}
  m_PrefabInstance: {fileID: 0}
  m_PrefabAsset: {fileID: 0}
  m_GameObject: {fileID: 2623986760204916095}
  m_LocalRotation: {x: -0, y: -0.93838793, z: -0, w: -0.3455838}
  m_LocalPosition: {x: 36.4, y: -3, z: 0.3}
  m_LocalScale: {x: 1, y: 1, z: 1}
  m_Children: []
  m_Father: {fileID: 7950789762873969224}
  m_RootOrder: 3
  m_LocalEulerAnglesHint: {x: 0, y: -220.435, z: 0}
--- !u!114 &3702803962669442456
MonoBehaviour:
  m_ObjectHideFlags: 0
  m_CorrespondingSourceObject: {fileID: 0}
  m_PrefabInstance: {fileID: 0}
  m_PrefabAsset: {fileID: 0}
  m_GameObject: {fileID: 2623986760204916095}
  m_Enabled: 1
  m_EditorHideFlags: 0
  m_Script: {fileID: 11500000, guid: 5852f10a92c8139408b4ec2274f5c7a3, type: 3}
  m_Name: 
  m_EditorClassIdentifier: 
  _animationName: idle
  _waitTime: {x: 2, y: 5}
--- !u!1 &2663674358661274694
GameObject:
  m_ObjectHideFlags: 0
  m_CorrespondingSourceObject: {fileID: 0}
  m_PrefabInstance: {fileID: 0}
  m_PrefabAsset: {fileID: 0}
  serializedVersion: 6
  m_Component:
  - component: {fileID: 7950789762873969224}
  - component: {fileID: 4123066265555397522}
  m_Layer: 0
  m_Name: path_02
  m_TagString: Untagged
  m_Icon: {fileID: 0}
  m_NavMeshLayer: 0
  m_StaticEditorFlags: 0
  m_IsActive: 1
--- !u!4 &7950789762873969224
Transform:
  m_ObjectHideFlags: 0
  m_CorrespondingSourceObject: {fileID: 0}
  m_PrefabInstance: {fileID: 0}
  m_PrefabAsset: {fileID: 0}
  m_GameObject: {fileID: 2663674358661274694}
  m_LocalRotation: {x: -0.000000021855694, y: -0, z: -0, w: 1}
  m_LocalPosition: {x: -39.7, y: 0, z: -32.7}
  m_LocalScale: {x: 1, y: 1, z: 1}
  m_Children:
  - {fileID: 4270076366593563302}
  - {fileID: 3272869667668078491}
  - {fileID: 8813163861466470447}
  - {fileID: 6420696302905528085}
  - {fileID: 6485240687766570565}
  - {fileID: 4520137691217630962}
  - {fileID: 6939674735131877592}
  - {fileID: 2789579882533835110}
  - {fileID: 2878784414948139211}
  - {fileID: 382038115998455821}
  - {fileID: 3179419545204107632}
  - {fileID: 1638895730504001433}
  - {fileID: 6087290153779928294}
  - {fileID: 8867239123335016464}
  m_Father: {fileID: 5494331534078390455}
  m_RootOrder: 3
  m_LocalEulerAnglesHint: {x: 0, y: 0, z: 0}
--- !u!114 &4123066265555397522
MonoBehaviour:
  m_ObjectHideFlags: 0
  m_CorrespondingSourceObject: {fileID: 0}
  m_PrefabInstance: {fileID: 0}
  m_PrefabAsset: {fileID: 0}
  m_GameObject: {fileID: 2663674358661274694}
  m_Enabled: 1
  m_EditorHideFlags: 0
  m_Script: {fileID: 11500000, guid: 219bf220f2d2a40429e128742e3ae418, type: 3}
  m_Name: 
  m_EditorClassIdentifier: 
  _points:
  - {fileID: 5438799069789672008}
  - {fileID: 3544704394599400384}
  - {fileID: 2441148882329230780}
  - {fileID: 3702803962669442456}
  - {fileID: 4455088835483719304}
  - {fileID: 2735156035174407448}
  - {fileID: 6328578017852058800}
  - {fileID: 2924352807790815205}
  - {fileID: 638460541885876180}
  - {fileID: 1729195451802301950}
  - {fileID: 2695860153475591418}
  - {fileID: 7931409633129952410}
  - {fileID: 8551692381950940724}
  - {fileID: 187791402697291910}
  _alwaysDrawGizmos: 1
  _gizmoColor: {r: 1, g: 0.24056602, b: 0.24056602, a: 1}
--- !u!1 &2809906625790198855
GameObject:
  m_ObjectHideFlags: 0
  m_CorrespondingSourceObject: {fileID: 0}
  m_PrefabInstance: {fileID: 0}
  m_PrefabAsset: {fileID: 0}
  serializedVersion: 6
  m_Component:
  - component: {fileID: 4692888509593100310}
  - component: {fileID: 3796178139914562746}
  m_Layer: 0
  m_Name: Point (9)
  m_TagString: Untagged
  m_Icon: {fileID: 7148428337604731935, guid: 0000000000000000d000000000000000, type: 0}
  m_NavMeshLayer: 0
  m_StaticEditorFlags: 0
  m_IsActive: 1
--- !u!4 &4692888509593100310
Transform:
  m_ObjectHideFlags: 0
  m_CorrespondingSourceObject: {fileID: 0}
  m_PrefabInstance: {fileID: 0}
  m_PrefabAsset: {fileID: 0}
  m_GameObject: {fileID: 2809906625790198855}
  m_LocalRotation: {x: -0, y: -0.93838793, z: -0, w: -0.3455838}
  m_LocalPosition: {x: 49.8, y: -3, z: -18.6}
  m_LocalScale: {x: 1, y: 1, z: 1}
  m_Children: []
  m_Father: {fileID: 8500154598545721617}
  m_RootOrder: 9
  m_LocalEulerAnglesHint: {x: 0, y: -220.435, z: 0}
--- !u!114 &3796178139914562746
MonoBehaviour:
  m_ObjectHideFlags: 0
  m_CorrespondingSourceObject: {fileID: 0}
  m_PrefabInstance: {fileID: 0}
  m_PrefabAsset: {fileID: 0}
  m_GameObject: {fileID: 2809906625790198855}
  m_Enabled: 1
  m_EditorHideFlags: 0
  m_Script: {fileID: 11500000, guid: 5852f10a92c8139408b4ec2274f5c7a3, type: 3}
  m_Name: 
  m_EditorClassIdentifier: 
  _animationName: idle
  _waitTime: {x: 1, y: 2}
--- !u!1 &2936049795103209423
GameObject:
  m_ObjectHideFlags: 0
  m_CorrespondingSourceObject: {fileID: 0}
  m_PrefabInstance: {fileID: 0}
  m_PrefabAsset: {fileID: 0}
  serializedVersion: 6
  m_Component:
  - component: {fileID: 1305669439082246174}
  - component: {fileID: 1544392508501026195}
  m_Layer: 0
  m_Name: Point
  m_TagString: Untagged
  m_Icon: {fileID: 7148428337604731935, guid: 0000000000000000d000000000000000, type: 0}
  m_NavMeshLayer: 0
  m_StaticEditorFlags: 0
  m_IsActive: 1
--- !u!4 &1305669439082246174
Transform:
  m_ObjectHideFlags: 0
  m_CorrespondingSourceObject: {fileID: 0}
  m_PrefabInstance: {fileID: 0}
  m_PrefabAsset: {fileID: 0}
  m_GameObject: {fileID: 2936049795103209423}
  m_LocalRotation: {x: -0, y: -0.93838793, z: -0, w: -0.3455838}
  m_LocalPosition: {x: 63.89999, y: -3, z: -4.6}
  m_LocalScale: {x: 1, y: 1, z: 1}
  m_Children: []
  m_Father: {fileID: 8500154598545721617}
  m_RootOrder: 0
  m_LocalEulerAnglesHint: {x: 0, y: -220.435, z: 0}
--- !u!114 &1544392508501026195
MonoBehaviour:
  m_ObjectHideFlags: 0
  m_CorrespondingSourceObject: {fileID: 0}
  m_PrefabInstance: {fileID: 0}
  m_PrefabAsset: {fileID: 0}
  m_GameObject: {fileID: 2936049795103209423}
  m_Enabled: 1
  m_EditorHideFlags: 0
  m_Script: {fileID: 11500000, guid: 5852f10a92c8139408b4ec2274f5c7a3, type: 3}
  m_Name: 
  m_EditorClassIdentifier: 
  _animationName: idle
  _waitTime: {x: 1, y: 1}
--- !u!1 &3391763838509391235
GameObject:
  m_ObjectHideFlags: 0
  m_CorrespondingSourceObject: {fileID: 0}
  m_PrefabInstance: {fileID: 0}
  m_PrefabAsset: {fileID: 0}
  serializedVersion: 6
  m_Component:
  - component: {fileID: 3714477431557230324}
  - component: {fileID: 3905254196960838451}
  m_Layer: 0
  m_Name: Point (12)
  m_TagString: Untagged
  m_Icon: {fileID: 7148428337604731935, guid: 0000000000000000d000000000000000, type: 0}
  m_NavMeshLayer: 0
  m_StaticEditorFlags: 0
  m_IsActive: 1
--- !u!4 &3714477431557230324
Transform:
  m_ObjectHideFlags: 0
  m_CorrespondingSourceObject: {fileID: 0}
  m_PrefabInstance: {fileID: 0}
  m_PrefabAsset: {fileID: 0}
  m_GameObject: {fileID: 3391763838509391235}
  m_LocalRotation: {x: -0, y: -0.93838793, z: -0, w: -0.3455838}
  m_LocalPosition: {x: 21.5, y: -3, z: -9.4}
  m_LocalScale: {x: 1, y: 1, z: 1}
  m_Children: []
  m_Father: {fileID: 8500154598545721617}
  m_RootOrder: 12
  m_LocalEulerAnglesHint: {x: 0, y: -220.435, z: 0}
--- !u!114 &3905254196960838451
MonoBehaviour:
  m_ObjectHideFlags: 0
  m_CorrespondingSourceObject: {fileID: 0}
  m_PrefabInstance: {fileID: 0}
  m_PrefabAsset: {fileID: 0}
  m_GameObject: {fileID: 3391763838509391235}
  m_Enabled: 1
  m_EditorHideFlags: 0
  m_Script: {fileID: 11500000, guid: 5852f10a92c8139408b4ec2274f5c7a3, type: 3}
  m_Name: 
  m_EditorClassIdentifier: 
  _animationName: idle
  _waitTime: {x: 1, y: 2}
--- !u!1 &3677560867552003863
GameObject:
  m_ObjectHideFlags: 0
  m_CorrespondingSourceObject: {fileID: 0}
  m_PrefabInstance: {fileID: 0}
  m_PrefabAsset: {fileID: 0}
  serializedVersion: 6
  m_Component:
  - component: {fileID: 5494331534078390455}
  m_Layer: 0
  m_Name: Dino_Zone_C_Lvl_01
  m_TagString: Untagged
  m_Icon: {fileID: 0}
  m_NavMeshLayer: 0
  m_StaticEditorFlags: 0
  m_IsActive: 1
--- !u!4 &5494331534078390455
Transform:
  m_ObjectHideFlags: 0
  m_CorrespondingSourceObject: {fileID: 0}
  m_PrefabInstance: {fileID: 0}
  m_PrefabAsset: {fileID: 0}
  m_GameObject: {fileID: 3677560867552003863}
  m_LocalRotation: {x: 0.000000021855694, y: -0, z: -0, w: 1}
  m_LocalPosition: {x: 41.4, y: 0, z: 32.7}
  m_LocalScale: {x: -1, y: 1, z: 1}
  m_Children:
  - {fileID: 8695399292414111696}
  - {fileID: 6779418966614261760}
  - {fileID: 5341605800974077915}
  - {fileID: 7950789762873969224}
  - {fileID: 8500154598545721617}
  m_Father: {fileID: 0}
  m_RootOrder: 0
  m_LocalEulerAnglesHint: {x: 0, y: 0, z: 0}
--- !u!1 &3707119884255593507
GameObject:
  m_ObjectHideFlags: 0
  m_CorrespondingSourceObject: {fileID: 0}
  m_PrefabInstance: {fileID: 0}
  m_PrefabAsset: {fileID: 0}
  serializedVersion: 6
  m_Component:
  - component: {fileID: 5212794428543438203}
  - component: {fileID: 404579012249621000}
  m_Layer: 0
  m_Name: Point (13)
  m_TagString: Untagged
  m_Icon: {fileID: 7148428337604731935, guid: 0000000000000000d000000000000000, type: 0}
  m_NavMeshLayer: 0
  m_StaticEditorFlags: 0
  m_IsActive: 1
--- !u!4 &5212794428543438203
Transform:
  m_ObjectHideFlags: 0
  m_CorrespondingSourceObject: {fileID: 0}
  m_PrefabInstance: {fileID: 0}
  m_PrefabAsset: {fileID: 0}
  m_GameObject: {fileID: 3707119884255593507}
  m_LocalRotation: {x: -0, y: -0.93838793, z: -0, w: -0.3455838}
  m_LocalPosition: {x: 20.900003, y: -3, z: 2.6}
  m_LocalScale: {x: 1, y: 1, z: 1}
  m_Children: []
  m_Father: {fileID: 8500154598545721617}
  m_RootOrder: 13
  m_LocalEulerAnglesHint: {x: 0, y: -220.435, z: 0}
--- !u!114 &404579012249621000
MonoBehaviour:
  m_ObjectHideFlags: 0
  m_CorrespondingSourceObject: {fileID: 0}
  m_PrefabInstance: {fileID: 0}
  m_PrefabAsset: {fileID: 0}
  m_GameObject: {fileID: 3707119884255593507}
  m_Enabled: 1
  m_EditorHideFlags: 0
  m_Script: {fileID: 11500000, guid: 5852f10a92c8139408b4ec2274f5c7a3, type: 3}
  m_Name: 
  m_EditorClassIdentifier: 
  _animationName: idle
  _waitTime: {x: 1, y: 2}
--- !u!1 &3874210682251067415
GameObject:
  m_ObjectHideFlags: 0
  m_CorrespondingSourceObject: {fileID: 0}
  m_PrefabInstance: {fileID: 0}
  m_PrefabAsset: {fileID: 0}
  serializedVersion: 6
  m_Component:
  - component: {fileID: 8867239123335016464}
  - component: {fileID: 187791402697291910}
  m_Layer: 0
  m_Name: Point (13)
  m_TagString: Untagged
  m_Icon: {fileID: -5442936267250999957, guid: 0000000000000000d000000000000000, type: 0}
  m_NavMeshLayer: 0
  m_StaticEditorFlags: 0
  m_IsActive: 1
--- !u!4 &8867239123335016464
Transform:
  m_ObjectHideFlags: 0
  m_CorrespondingSourceObject: {fileID: 0}
  m_PrefabInstance: {fileID: 0}
  m_PrefabAsset: {fileID: 0}
  m_GameObject: {fileID: 3874210682251067415}
  m_LocalRotation: {x: -0, y: -0.93838793, z: -0, w: -0.3455838}
  m_LocalPosition: {x: 48.8, y: -3, z: -2.3}
  m_LocalScale: {x: 1, y: 1, z: 1}
  m_Children: []
  m_Father: {fileID: 7950789762873969224}
  m_RootOrder: 13
  m_LocalEulerAnglesHint: {x: 0, y: -220.435, z: 0}
--- !u!114 &187791402697291910
MonoBehaviour:
  m_ObjectHideFlags: 0
  m_CorrespondingSourceObject: {fileID: 0}
  m_PrefabInstance: {fileID: 0}
  m_PrefabAsset: {fileID: 0}
  m_GameObject: {fileID: 3874210682251067415}
  m_Enabled: 1
  m_EditorHideFlags: 0
  m_Script: {fileID: 11500000, guid: 5852f10a92c8139408b4ec2274f5c7a3, type: 3}
  m_Name: 
  m_EditorClassIdentifier: 
  _animationName: idle
  _waitTime: {x: 1, y: 2}
--- !u!1 &4080118549124095982
GameObject:
  m_ObjectHideFlags: 0
  m_CorrespondingSourceObject: {fileID: 0}
  m_PrefabInstance: {fileID: 0}
  m_PrefabAsset: {fileID: 0}
  serializedVersion: 6
  m_Component:
  - component: {fileID: 5969121675043940142}
  - component: {fileID: 5309679820403964013}
  m_Layer: 0
  m_Name: Point (4)
  m_TagString: Untagged
  m_Icon: {fileID: 7422848464349959988, guid: 0000000000000000d000000000000000, type: 0}
  m_NavMeshLayer: 0
  m_StaticEditorFlags: 0
  m_IsActive: 1
--- !u!4 &5969121675043940142
Transform:
  m_ObjectHideFlags: 0
  m_CorrespondingSourceObject: {fileID: 0}
  m_PrefabInstance: {fileID: 0}
  m_PrefabAsset: {fileID: 0}
  m_GameObject: {fileID: 4080118549124095982}
  m_LocalRotation: {x: -0, y: -0.8547323, z: -0, w: -0.5190692}
  m_LocalPosition: {x: 35, y: -3, z: -7}
  m_LocalScale: {x: 1, y: 1, z: 1}
  m_Children: []
  m_Father: {fileID: 5341605800974077915}
  m_RootOrder: 4
  m_LocalEulerAnglesHint: {x: 0, y: -242.54001, z: 0}
--- !u!114 &5309679820403964013
MonoBehaviour:
  m_ObjectHideFlags: 0
  m_CorrespondingSourceObject: {fileID: 0}
  m_PrefabInstance: {fileID: 0}
  m_PrefabAsset: {fileID: 0}
  m_GameObject: {fileID: 4080118549124095982}
  m_Enabled: 1
  m_EditorHideFlags: 0
  m_Script: {fileID: 11500000, guid: 5852f10a92c8139408b4ec2274f5c7a3, type: 3}
  m_Name: 
  m_EditorClassIdentifier: 
  _animationName: idle
  _waitTime: {x: 1, y: 2}
--- !u!1 &4084698300882119974
GameObject:
  m_ObjectHideFlags: 0
  m_CorrespondingSourceObject: {fileID: 0}
  m_PrefabInstance: {fileID: 0}
  m_PrefabAsset: {fileID: 0}
  serializedVersion: 6
  m_Component:
  - component: {fileID: 6087290153779928294}
  - component: {fileID: 8551692381950940724}
  m_Layer: 0
  m_Name: Point (12)
  m_TagString: Untagged
  m_Icon: {fileID: -5442936267250999957, guid: 0000000000000000d000000000000000, type: 0}
  m_NavMeshLayer: 0
  m_StaticEditorFlags: 0
  m_IsActive: 1
--- !u!4 &6087290153779928294
Transform:
  m_ObjectHideFlags: 0
  m_CorrespondingSourceObject: {fileID: 0}
  m_PrefabInstance: {fileID: 0}
  m_PrefabAsset: {fileID: 0}
  m_GameObject: {fileID: 4084698300882119974}
  m_LocalRotation: {x: -0, y: -0.93838793, z: -0, w: -0.3455838}
  m_LocalPosition: {x: 63.999996, y: -3, z: 1.8}
  m_LocalScale: {x: 1, y: 1, z: 1}
  m_Children: []
  m_Father: {fileID: 7950789762873969224}
  m_RootOrder: 12
  m_LocalEulerAnglesHint: {x: 0, y: -220.435, z: 0}
--- !u!114 &8551692381950940724
MonoBehaviour:
  m_ObjectHideFlags: 0
  m_CorrespondingSourceObject: {fileID: 0}
  m_PrefabInstance: {fileID: 0}
  m_PrefabAsset: {fileID: 0}
  m_GameObject: {fileID: 4084698300882119974}
  m_Enabled: 1
  m_EditorHideFlags: 0
  m_Script: {fileID: 11500000, guid: 5852f10a92c8139408b4ec2274f5c7a3, type: 3}
  m_Name: 
  m_EditorClassIdentifier: 
  _animationName: idle
  _waitTime: {x: 1, y: 2}
--- !u!1 &4349267006452198835
GameObject:
  m_ObjectHideFlags: 0
  m_CorrespondingSourceObject: {fileID: 0}
  m_PrefabInstance: {fileID: 0}
  m_PrefabAsset: {fileID: 0}
  serializedVersion: 6
  m_Component:
  - component: {fileID: 2878784414948139211}
  - component: {fileID: 638460541885876180}
  m_Layer: 0
  m_Name: Point (8)
  m_TagString: Untagged
  m_Icon: {fileID: -5442936267250999957, guid: 0000000000000000d000000000000000, type: 0}
  m_NavMeshLayer: 0
  m_StaticEditorFlags: 0
  m_IsActive: 1
--- !u!4 &2878784414948139211
Transform:
  m_ObjectHideFlags: 0
  m_CorrespondingSourceObject: {fileID: 0}
  m_PrefabInstance: {fileID: 0}
  m_PrefabAsset: {fileID: 0}
  m_GameObject: {fileID: 4349267006452198835}
  m_LocalRotation: {x: -0, y: -0.93838793, z: -0, w: -0.3455838}
  m_LocalPosition: {x: 19.4, y: -3, z: -16.4}
  m_LocalScale: {x: 1, y: 1, z: 1}
  m_Children: []
  m_Father: {fileID: 7950789762873969224}
  m_RootOrder: 8
  m_LocalEulerAnglesHint: {x: 0, y: -220.435, z: 0}
--- !u!114 &638460541885876180
MonoBehaviour:
  m_ObjectHideFlags: 0
  m_CorrespondingSourceObject: {fileID: 0}
  m_PrefabInstance: {fileID: 0}
  m_PrefabAsset: {fileID: 0}
  m_GameObject: {fileID: 4349267006452198835}
  m_Enabled: 1
  m_EditorHideFlags: 0
  m_Script: {fileID: 11500000, guid: 5852f10a92c8139408b4ec2274f5c7a3, type: 3}
  m_Name: 
  m_EditorClassIdentifier: 
  _animationName: idle
  _waitTime: {x: 1, y: 2}
--- !u!1 &4637118385209786683
GameObject:
  m_ObjectHideFlags: 0
  m_CorrespondingSourceObject: {fileID: 0}
  m_PrefabInstance: {fileID: 0}
  m_PrefabAsset: {fileID: 0}
  serializedVersion: 6
  m_Component:
  - component: {fileID: 1638895730504001433}
  - component: {fileID: 7931409633129952410}
  m_Layer: 0
  m_Name: Point (11)
  m_TagString: Untagged
  m_Icon: {fileID: -5442936267250999957, guid: 0000000000000000d000000000000000, type: 0}
  m_NavMeshLayer: 0
  m_StaticEditorFlags: 0
  m_IsActive: 1
--- !u!4 &1638895730504001433
Transform:
  m_ObjectHideFlags: 0
  m_CorrespondingSourceObject: {fileID: 0}
  m_PrefabInstance: {fileID: 0}
  m_PrefabAsset: {fileID: 0}
  m_GameObject: {fileID: 4637118385209786683}
  m_LocalRotation: {x: -0, y: -0.93838793, z: -0, w: -0.3455838}
  m_LocalPosition: {x: 31.3, y: -3, z: -13.8}
  m_LocalScale: {x: 1, y: 1, z: 1}
  m_Children: []
  m_Father: {fileID: 7950789762873969224}
  m_RootOrder: 11
  m_LocalEulerAnglesHint: {x: 0, y: -220.435, z: 0}
--- !u!114 &7931409633129952410
MonoBehaviour:
  m_ObjectHideFlags: 0
  m_CorrespondingSourceObject: {fileID: 0}
  m_PrefabInstance: {fileID: 0}
  m_PrefabAsset: {fileID: 0}
  m_GameObject: {fileID: 4637118385209786683}
  m_Enabled: 1
  m_EditorHideFlags: 0
  m_Script: {fileID: 11500000, guid: 5852f10a92c8139408b4ec2274f5c7a3, type: 3}
  m_Name: 
  m_EditorClassIdentifier: 
  _animationName: idle
  _waitTime: {x: 1, y: 2}
--- !u!1 &4697455285876107004
GameObject:
  m_ObjectHideFlags: 0
  m_CorrespondingSourceObject: {fileID: 0}
  m_PrefabInstance: {fileID: 0}
  m_PrefabAsset: {fileID: 0}
  serializedVersion: 6
  m_Component:
  - component: {fileID: 5907916163011920853}
  - component: {fileID: 849661538697950618}
  m_Layer: 0
  m_Name: Point (5)
  m_TagString: Untagged
  m_Icon: {fileID: 7148428337604731935, guid: 0000000000000000d000000000000000, type: 0}
  m_NavMeshLayer: 0
  m_StaticEditorFlags: 0
  m_IsActive: 1
--- !u!4 &5907916163011920853
Transform:
  m_ObjectHideFlags: 0
  m_CorrespondingSourceObject: {fileID: 0}
  m_PrefabInstance: {fileID: 0}
  m_PrefabAsset: {fileID: 0}
  m_GameObject: {fileID: 4697455285876107004}
  m_LocalRotation: {x: -0, y: -0.93838793, z: -0, w: -0.3455838}
  m_LocalPosition: {x: 35.100002, y: -3, z: -12.6}
  m_LocalScale: {x: 1, y: 1, z: 1}
  m_Children: []
  m_Father: {fileID: 8500154598545721617}
  m_RootOrder: 5
  m_LocalEulerAnglesHint: {x: 0, y: -220.435, z: 0}
--- !u!114 &849661538697950618
MonoBehaviour:
  m_ObjectHideFlags: 0
  m_CorrespondingSourceObject: {fileID: 0}
  m_PrefabInstance: {fileID: 0}
  m_PrefabAsset: {fileID: 0}
  m_GameObject: {fileID: 4697455285876107004}
  m_Enabled: 1
  m_EditorHideFlags: 0
  m_Script: {fileID: 11500000, guid: 5852f10a92c8139408b4ec2274f5c7a3, type: 3}
  m_Name: 
  m_EditorClassIdentifier: 
  _animationName: idle
  _waitTime: {x: 0, y: 0}
--- !u!1 &5118307067882337332
GameObject:
  m_ObjectHideFlags: 0
  m_CorrespondingSourceObject: {fileID: 0}
  m_PrefabInstance: {fileID: 0}
  m_PrefabAsset: {fileID: 0}
  serializedVersion: 6
  m_Component:
  - component: {fileID: 6779418966614261760}
  m_Layer: 0
  m_Name: Vegetation
  m_TagString: Untagged
  m_Icon: {fileID: 0}
  m_NavMeshLayer: 0
  m_StaticEditorFlags: 0
  m_IsActive: 1
--- !u!4 &6779418966614261760
Transform:
  m_ObjectHideFlags: 0
  m_CorrespondingSourceObject: {fileID: 0}
  m_PrefabInstance: {fileID: 0}
  m_PrefabAsset: {fileID: 0}
  m_GameObject: {fileID: 5118307067882337332}
  m_LocalRotation: {x: 1.7763568e-15, y: -0.70710677, z: -1.7763568e-15, w: 0.7071068}
  m_LocalPosition: {x: 42.36364, y: 0.000000054462248, z: -38.98011}
  m_LocalScale: {x: 1, y: 1, z: -1}
  m_Children:
  - {fileID: 6244987803564977668}
  - {fileID: 3471486231300273324}
  m_Father: {fileID: 5494331534078390455}
  m_RootOrder: 1
  m_LocalEulerAnglesHint: {x: 0, y: -90, z: 0}
--- !u!1 &5259306958961978241
GameObject:
  m_ObjectHideFlags: 0
  m_CorrespondingSourceObject: {fileID: 0}
  m_PrefabInstance: {fileID: 0}
  m_PrefabAsset: {fileID: 0}
  serializedVersion: 6
  m_Component:
  - component: {fileID: 3179419545204107632}
  - component: {fileID: 2695860153475591418}
  m_Layer: 0
  m_Name: Point (10)
  m_TagString: Untagged
  m_Icon: {fileID: -5442936267250999957, guid: 0000000000000000d000000000000000, type: 0}
  m_NavMeshLayer: 0
  m_StaticEditorFlags: 0
  m_IsActive: 1
--- !u!4 &3179419545204107632
Transform:
  m_ObjectHideFlags: 0
  m_CorrespondingSourceObject: {fileID: 0}
  m_PrefabInstance: {fileID: 0}
  m_PrefabAsset: {fileID: 0}
  m_GameObject: {fileID: 5259306958961978241}
  m_LocalRotation: {x: -0, y: -0.93838793, z: -0, w: -0.3455838}
  m_LocalPosition: {x: 26.399996, y: -3, z: -17.2}
  m_LocalScale: {x: 1, y: 1, z: 1}
  m_Children: []
  m_Father: {fileID: 7950789762873969224}
  m_RootOrder: 10
  m_LocalEulerAnglesHint: {x: 0, y: -220.435, z: 0}
--- !u!114 &2695860153475591418
MonoBehaviour:
  m_ObjectHideFlags: 0
  m_CorrespondingSourceObject: {fileID: 0}
  m_PrefabInstance: {fileID: 0}
  m_PrefabAsset: {fileID: 0}
  m_GameObject: {fileID: 5259306958961978241}
  m_Enabled: 1
  m_EditorHideFlags: 0
  m_Script: {fileID: 11500000, guid: 5852f10a92c8139408b4ec2274f5c7a3, type: 3}
  m_Name: 
  m_EditorClassIdentifier: 
  _animationName: idle
  _waitTime: {x: 1, y: 2}
--- !u!1 &5509602193864108828
GameObject:
  m_ObjectHideFlags: 0
  m_CorrespondingSourceObject: {fileID: 0}
  m_PrefabInstance: {fileID: 0}
  m_PrefabAsset: {fileID: 0}
  serializedVersion: 6
  m_Component:
  - component: {fileID: 5341605800974077915}
  - component: {fileID: 1834526822930961766}
  m_Layer: 0
  m_Name: path_01
  m_TagString: Untagged
  m_Icon: {fileID: 0}
  m_NavMeshLayer: 0
  m_StaticEditorFlags: 0
  m_IsActive: 1
--- !u!4 &5341605800974077915
Transform:
  m_ObjectHideFlags: 0
  m_CorrespondingSourceObject: {fileID: 0}
  m_PrefabInstance: {fileID: 0}
  m_PrefabAsset: {fileID: 0}
  m_GameObject: {fileID: 5509602193864108828}
  m_LocalRotation: {x: -0.000000021855694, y: -0, z: -0, w: 1}
  m_LocalPosition: {x: -39.7, y: 0, z: -32.7}
  m_LocalScale: {x: 1, y: 1, z: 1}
  m_Children:
  - {fileID: 2848866568149820429}
  - {fileID: 6320243975160830071}
  - {fileID: 5300996355114193316}
  - {fileID: 3486328398182349503}
  - {fileID: 5969121675043940142}
  - {fileID: 6167549514342289063}
  - {fileID: 193521495223573595}
  - {fileID: 8271671120901389426}
  - {fileID: 3308244749361048134}
  m_Father: {fileID: 5494331534078390455}
  m_RootOrder: 2
  m_LocalEulerAnglesHint: {x: 0, y: 0, z: 0}
--- !u!114 &1834526822930961766
MonoBehaviour:
  m_ObjectHideFlags: 0
  m_CorrespondingSourceObject: {fileID: 0}
  m_PrefabInstance: {fileID: 0}
  m_PrefabAsset: {fileID: 0}
  m_GameObject: {fileID: 5509602193864108828}
  m_Enabled: 1
  m_EditorHideFlags: 0
  m_Script: {fileID: 11500000, guid: 219bf220f2d2a40429e128742e3ae418, type: 3}
  m_Name: 
  m_EditorClassIdentifier: 
  _points:
  - {fileID: 7279453299100877400}
  - {fileID: 6635754205264016456}
  - {fileID: 2804712125997272184}
  - {fileID: 1585909306765496494}
  - {fileID: 5309679820403964013}
  - {fileID: 600999883882956636}
  - {fileID: 7003480143512094608}
  - {fileID: 3169333696572141533}
  - {fileID: 3170788272705406987}
  _alwaysDrawGizmos: 1
  _gizmoColor: {r: 0.36470592, g: 0.89268005, b: 1, a: 1}
--- !u!1 &5684128858984999434
GameObject:
  m_ObjectHideFlags: 0
  m_CorrespondingSourceObject: {fileID: 0}
  m_PrefabInstance: {fileID: 0}
  m_PrefabAsset: {fileID: 0}
  serializedVersion: 6
  m_Component:
  - component: {fileID: 6553462072594176832}
  - component: {fileID: 8645234311421494513}
  m_Layer: 0
  m_Name: Point (8)
  m_TagString: Untagged
  m_Icon: {fileID: 7148428337604731935, guid: 0000000000000000d000000000000000, type: 0}
  m_NavMeshLayer: 0
  m_StaticEditorFlags: 0
  m_IsActive: 1
--- !u!4 &6553462072594176832
Transform:
  m_ObjectHideFlags: 0
  m_CorrespondingSourceObject: {fileID: 0}
  m_PrefabInstance: {fileID: 0}
  m_PrefabAsset: {fileID: 0}
  m_GameObject: {fileID: 5684128858984999434}
  m_LocalRotation: {x: -0, y: -0.93838793, z: -0, w: -0.3455838}
  m_LocalPosition: {x: 40.799995, y: -3, z: -19.2}
  m_LocalScale: {x: 1, y: 1, z: 1}
  m_Children: []
  m_Father: {fileID: 8500154598545721617}
  m_RootOrder: 8
  m_LocalEulerAnglesHint: {x: 0, y: -220.435, z: 0}
--- !u!114 &8645234311421494513
MonoBehaviour:
  m_ObjectHideFlags: 0
  m_CorrespondingSourceObject: {fileID: 0}
  m_PrefabInstance: {fileID: 0}
  m_PrefabAsset: {fileID: 0}
  m_GameObject: {fileID: 5684128858984999434}
  m_Enabled: 1
  m_EditorHideFlags: 0
  m_Script: {fileID: 11500000, guid: 5852f10a92c8139408b4ec2274f5c7a3, type: 3}
  m_Name: 
  m_EditorClassIdentifier: 
  _animationName: idle
  _waitTime: {x: 1, y: 2}
--- !u!1 &5849343502712803515
GameObject:
  m_ObjectHideFlags: 0
  m_CorrespondingSourceObject: {fileID: 0}
  m_PrefabInstance: {fileID: 0}
  m_PrefabAsset: {fileID: 0}
  serializedVersion: 6
  m_Component:
  - component: {fileID: 6320243975160830071}
  - component: {fileID: 6635754205264016456}
  m_Layer: 0
  m_Name: Point (1)
  m_TagString: Untagged
  m_Icon: {fileID: 7422848464349959988, guid: 0000000000000000d000000000000000, type: 0}
  m_NavMeshLayer: 0
  m_StaticEditorFlags: 0
  m_IsActive: 1
--- !u!4 &6320243975160830071
Transform:
  m_ObjectHideFlags: 0
  m_CorrespondingSourceObject: {fileID: 0}
  m_PrefabInstance: {fileID: 0}
  m_PrefabAsset: {fileID: 0}
  m_GameObject: {fileID: 5849343502712803515}
  m_LocalRotation: {x: -0, y: -0.8547323, z: -0, w: -0.5190692}
  m_LocalPosition: {x: 54.2, y: -3, z: 0.5}
  m_LocalScale: {x: 1, y: 1, z: 1}
  m_Children: []
  m_Father: {fileID: 5341605800974077915}
  m_RootOrder: 1
  m_LocalEulerAnglesHint: {x: 0, y: -242.54001, z: 0}
--- !u!114 &6635754205264016456
MonoBehaviour:
  m_ObjectHideFlags: 0
  m_CorrespondingSourceObject: {fileID: 0}
  m_PrefabInstance: {fileID: 0}
  m_PrefabAsset: {fileID: 0}
  m_GameObject: {fileID: 5849343502712803515}
  m_Enabled: 1
  m_EditorHideFlags: 0
  m_Script: {fileID: 11500000, guid: 5852f10a92c8139408b4ec2274f5c7a3, type: 3}
  m_Name: 
  m_EditorClassIdentifier: 
  _animationName: idle
  _waitTime: {x: 2, y: 5}
--- !u!1 &5907228407654682126
GameObject:
  m_ObjectHideFlags: 0
  m_CorrespondingSourceObject: {fileID: 0}
  m_PrefabInstance: {fileID: 0}
  m_PrefabAsset: {fileID: 0}
  serializedVersion: 6
  m_Component:
  - component: {fileID: 6485240687766570565}
  - component: {fileID: 4455088835483719304}
  m_Layer: 0
  m_Name: Point (4)
  m_TagString: Untagged
  m_Icon: {fileID: -5442936267250999957, guid: 0000000000000000d000000000000000, type: 0}
  m_NavMeshLayer: 0
  m_StaticEditorFlags: 0
  m_IsActive: 1
--- !u!4 &6485240687766570565
Transform:
  m_ObjectHideFlags: 0
  m_CorrespondingSourceObject: {fileID: 0}
  m_PrefabInstance: {fileID: 0}
  m_PrefabAsset: {fileID: 0}
  m_GameObject: {fileID: 5907228407654682126}
  m_LocalRotation: {x: -0, y: -0.93838793, z: -0, w: -0.3455838}
  m_LocalPosition: {x: 42.4, y: -3, z: -13.3}
  m_LocalScale: {x: 1, y: 1, z: 1}
  m_Children: []
  m_Father: {fileID: 7950789762873969224}
  m_RootOrder: 4
  m_LocalEulerAnglesHint: {x: 0, y: -220.435, z: 0}
--- !u!114 &4455088835483719304
MonoBehaviour:
  m_ObjectHideFlags: 0
  m_CorrespondingSourceObject: {fileID: 0}
  m_PrefabInstance: {fileID: 0}
  m_PrefabAsset: {fileID: 0}
  m_GameObject: {fileID: 5907228407654682126}
  m_Enabled: 1
  m_EditorHideFlags: 0
  m_Script: {fileID: 11500000, guid: 5852f10a92c8139408b4ec2274f5c7a3, type: 3}
  m_Name: 
  m_EditorClassIdentifier: 
  _animationName: idle
  _waitTime: {x: 0, y: 0}
--- !u!1 &5992269369767769774
GameObject:
  m_ObjectHideFlags: 0
  m_CorrespondingSourceObject: {fileID: 0}
  m_PrefabInstance: {fileID: 0}
  m_PrefabAsset: {fileID: 0}
  serializedVersion: 6
  m_Component:
  - component: {fileID: 2472673796624152840}
  - component: {fileID: 2634627922418018091}
  m_Layer: 0
  m_Name: Point (10)
  m_TagString: Untagged
  m_Icon: {fileID: 7148428337604731935, guid: 0000000000000000d000000000000000, type: 0}
  m_NavMeshLayer: 0
  m_StaticEditorFlags: 0
  m_IsActive: 1
--- !u!4 &2472673796624152840
Transform:
  m_ObjectHideFlags: 0
  m_CorrespondingSourceObject: {fileID: 0}
  m_PrefabInstance: {fileID: 0}
  m_PrefabAsset: {fileID: 0}
  m_GameObject: {fileID: 5992269369767769774}
  m_LocalRotation: {x: -0, y: -0.93838793, z: -0, w: -0.3455838}
  m_LocalPosition: {x: 51.299995, y: -3, z: -9.9}
  m_LocalScale: {x: 1, y: 1, z: 1}
  m_Children: []
  m_Father: {fileID: 8500154598545721617}
  m_RootOrder: 10
  m_LocalEulerAnglesHint: {x: 0, y: -220.435, z: 0}
--- !u!114 &2634627922418018091
MonoBehaviour:
  m_ObjectHideFlags: 0
  m_CorrespondingSourceObject: {fileID: 0}
  m_PrefabInstance: {fileID: 0}
  m_PrefabAsset: {fileID: 0}
  m_GameObject: {fileID: 5992269369767769774}
  m_Enabled: 1
  m_EditorHideFlags: 0
  m_Script: {fileID: 11500000, guid: 5852f10a92c8139408b4ec2274f5c7a3, type: 3}
  m_Name: 
  m_EditorClassIdentifier: 
  _animationName: idle
  _waitTime: {x: 1, y: 2}
--- !u!1 &7053618810965438487
GameObject:
  m_ObjectHideFlags: 0
  m_CorrespondingSourceObject: {fileID: 0}
  m_PrefabInstance: {fileID: 0}
  m_PrefabAsset: {fileID: 0}
  serializedVersion: 6
  m_Component:
  - component: {fileID: 934237943277702229}
  - component: {fileID: 9127150704850667916}
  m_Layer: 0
  m_Name: Point (7)
  m_TagString: Untagged
  m_Icon: {fileID: 7148428337604731935, guid: 0000000000000000d000000000000000, type: 0}
  m_NavMeshLayer: 0
  m_StaticEditorFlags: 0
  m_IsActive: 1
--- !u!4 &934237943277702229
Transform:
  m_ObjectHideFlags: 0
  m_CorrespondingSourceObject: {fileID: 0}
  m_PrefabInstance: {fileID: 0}
  m_PrefabAsset: {fileID: 0}
  m_GameObject: {fileID: 7053618810965438487}
  m_LocalRotation: {x: -0, y: -0.93838793, z: -0, w: -0.3455838}
  m_LocalPosition: {x: 35, y: -3, z: -20.3}
  m_LocalScale: {x: 1, y: 1, z: 1}
  m_Children: []
  m_Father: {fileID: 8500154598545721617}
  m_RootOrder: 7
  m_LocalEulerAnglesHint: {x: 0, y: -220.435, z: 0}
--- !u!114 &9127150704850667916
MonoBehaviour:
  m_ObjectHideFlags: 0
  m_CorrespondingSourceObject: {fileID: 0}
  m_PrefabInstance: {fileID: 0}
  m_PrefabAsset: {fileID: 0}
  m_GameObject: {fileID: 7053618810965438487}
  m_Enabled: 1
  m_EditorHideFlags: 0
  m_Script: {fileID: 11500000, guid: 5852f10a92c8139408b4ec2274f5c7a3, type: 3}
  m_Name: 
  m_EditorClassIdentifier: 
  _animationName: idle
  _waitTime: {x: 0, y: 0}
--- !u!1 &7223260797696539105
GameObject:
  m_ObjectHideFlags: 0
  m_CorrespondingSourceObject: {fileID: 0}
  m_PrefabInstance: {fileID: 0}
  m_PrefabAsset: {fileID: 0}
  serializedVersion: 6
  m_Component:
  - component: {fileID: 6167549514342289063}
  - component: {fileID: 600999883882956636}
  m_Layer: 0
  m_Name: Point (5)
  m_TagString: Untagged
  m_Icon: {fileID: 7422848464349959988, guid: 0000000000000000d000000000000000, type: 0}
  m_NavMeshLayer: 0
  m_StaticEditorFlags: 0
  m_IsActive: 1
--- !u!4 &6167549514342289063
Transform:
  m_ObjectHideFlags: 0
  m_CorrespondingSourceObject: {fileID: 0}
  m_PrefabInstance: {fileID: 0}
  m_PrefabAsset: {fileID: 0}
  m_GameObject: {fileID: 7223260797696539105}
  m_LocalRotation: {x: -0, y: -0.8547323, z: -0, w: -0.5190692}
  m_LocalPosition: {x: 60.799995, y: -3, z: -11.8}
  m_LocalScale: {x: 1, y: 1, z: 1}
  m_Children: []
  m_Father: {fileID: 5341605800974077915}
  m_RootOrder: 5
  m_LocalEulerAnglesHint: {x: 0, y: -242.54001, z: 0}
--- !u!114 &600999883882956636
MonoBehaviour:
  m_ObjectHideFlags: 0
  m_CorrespondingSourceObject: {fileID: 0}
  m_PrefabInstance: {fileID: 0}
  m_PrefabAsset: {fileID: 0}
  m_GameObject: {fileID: 7223260797696539105}
  m_Enabled: 1
  m_EditorHideFlags: 0
  m_Script: {fileID: 11500000, guid: 5852f10a92c8139408b4ec2274f5c7a3, type: 3}
  m_Name: 
  m_EditorClassIdentifier: 
  _animationName: idle
  _waitTime: {x: 0, y: 0}
--- !u!1 &7324834199184957212
GameObject:
  m_ObjectHideFlags: 0
  m_CorrespondingSourceObject: {fileID: 0}
  m_PrefabInstance: {fileID: 0}
  m_PrefabAsset: {fileID: 0}
  serializedVersion: 6
  m_Component:
  - component: {fileID: 3628771887946430089}
  - component: {fileID: 2764026141603079994}
  m_Layer: 0
  m_Name: Point (6)
  m_TagString: Untagged
  m_Icon: {fileID: 7148428337604731935, guid: 0000000000000000d000000000000000, type: 0}
  m_NavMeshLayer: 0
  m_StaticEditorFlags: 0
  m_IsActive: 1
--- !u!4 &3628771887946430089
Transform:
  m_ObjectHideFlags: 0
  m_CorrespondingSourceObject: {fileID: 0}
  m_PrefabInstance: {fileID: 0}
  m_PrefabAsset: {fileID: 0}
  m_GameObject: {fileID: 7324834199184957212}
  m_LocalRotation: {x: -0, y: -0.93838793, z: -0, w: -0.3455838}
  m_LocalPosition: {x: 25.6, y: -3, z: -2.9}
  m_LocalScale: {x: 1, y: 1, z: 1}
  m_Children: []
  m_Father: {fileID: 8500154598545721617}
  m_RootOrder: 6
  m_LocalEulerAnglesHint: {x: 0, y: -220.435, z: 0}
--- !u!114 &2764026141603079994
MonoBehaviour:
  m_ObjectHideFlags: 0
  m_CorrespondingSourceObject: {fileID: 0}
  m_PrefabInstance: {fileID: 0}
  m_PrefabAsset: {fileID: 0}
  m_GameObject: {fileID: 7324834199184957212}
  m_Enabled: 1
  m_EditorHideFlags: 0
  m_Script: {fileID: 11500000, guid: 5852f10a92c8139408b4ec2274f5c7a3, type: 3}
  m_Name: 
  m_EditorClassIdentifier: 
  _animationName: idle
  _waitTime: {x: 3, y: 4}
--- !u!1 &7535338483074112783
GameObject:
  m_ObjectHideFlags: 0
  m_CorrespondingSourceObject: {fileID: 0}
  m_PrefabInstance: {fileID: 0}
  m_PrefabAsset: {fileID: 0}
  serializedVersion: 6
  m_Component:
  - component: {fileID: 7227348013284239001}
  - component: {fileID: 299187098442114057}
  m_Layer: 0
  m_Name: Point (2)
  m_TagString: Untagged
  m_Icon: {fileID: 7148428337604731935, guid: 0000000000000000d000000000000000, type: 0}
  m_NavMeshLayer: 0
  m_StaticEditorFlags: 0
  m_IsActive: 1
--- !u!4 &7227348013284239001
Transform:
  m_ObjectHideFlags: 0
  m_CorrespondingSourceObject: {fileID: 0}
  m_PrefabInstance: {fileID: 0}
  m_PrefabAsset: {fileID: 0}
  m_GameObject: {fileID: 7535338483074112783}
  m_LocalRotation: {x: -0, y: -0.93838793, z: -0, w: -0.3455838}
  m_LocalPosition: {x: 43.800007, y: -3, z: 12.8}
  m_LocalScale: {x: 1, y: 1, z: 1}
  m_Children: []
  m_Father: {fileID: 8500154598545721617}
  m_RootOrder: 2
  m_LocalEulerAnglesHint: {x: 0, y: -220.435, z: 0}
--- !u!114 &299187098442114057
MonoBehaviour:
  m_ObjectHideFlags: 0
  m_CorrespondingSourceObject: {fileID: 0}
  m_PrefabInstance: {fileID: 0}
  m_PrefabAsset: {fileID: 0}
  m_GameObject: {fileID: 7535338483074112783}
  m_Enabled: 1
  m_EditorHideFlags: 0
  m_Script: {fileID: 11500000, guid: 5852f10a92c8139408b4ec2274f5c7a3, type: 3}
  m_Name: 
  m_EditorClassIdentifier: 
  _animationName: idle
  _waitTime: {x: 0, y: 0}
--- !u!1 &7861129325719758940
GameObject:
  m_ObjectHideFlags: 0
  m_CorrespondingSourceObject: {fileID: 0}
  m_PrefabInstance: {fileID: 0}
  m_PrefabAsset: {fileID: 0}
  serializedVersion: 6
  m_Component:
  - component: {fileID: 6939674735131877592}
  - component: {fileID: 6328578017852058800}
  m_Layer: 0
  m_Name: Point (6)
  m_TagString: Untagged
  m_Icon: {fileID: -5442936267250999957, guid: 0000000000000000d000000000000000, type: 0}
  m_NavMeshLayer: 0
  m_StaticEditorFlags: 0
  m_IsActive: 1
--- !u!4 &6939674735131877592
Transform:
  m_ObjectHideFlags: 0
  m_CorrespondingSourceObject: {fileID: 0}
  m_PrefabInstance: {fileID: 0}
  m_PrefabAsset: {fileID: 0}
  m_GameObject: {fileID: 7861129325719758940}
  m_LocalRotation: {x: -0, y: -0.93838793, z: -0, w: -0.3455838}
  m_LocalPosition: {x: 56.70001, y: -3, z: 6.5}
  m_LocalScale: {x: 1, y: 1, z: 1}
  m_Children: []
  m_Father: {fileID: 7950789762873969224}
  m_RootOrder: 6
  m_LocalEulerAnglesHint: {x: 0, y: -220.435, z: 0}
--- !u!114 &6328578017852058800
MonoBehaviour:
  m_ObjectHideFlags: 0
  m_CorrespondingSourceObject: {fileID: 0}
  m_PrefabInstance: {fileID: 0}
  m_PrefabAsset: {fileID: 0}
  m_GameObject: {fileID: 7861129325719758940}
  m_Enabled: 1
  m_EditorHideFlags: 0
  m_Script: {fileID: 11500000, guid: 5852f10a92c8139408b4ec2274f5c7a3, type: 3}
  m_Name: 
  m_EditorClassIdentifier: 
  _animationName: idle
  _waitTime: {x: 3, y: 4}
--- !u!1 &7882697099251883189
GameObject:
  m_ObjectHideFlags: 0
  m_CorrespondingSourceObject: {fileID: 0}
  m_PrefabInstance: {fileID: 0}
  m_PrefabAsset: {fileID: 0}
  serializedVersion: 6
  m_Component:
  - component: {fileID: 3486328398182349503}
  - component: {fileID: 1585909306765496494}
  m_Layer: 0
  m_Name: Point (3)
  m_TagString: Untagged
  m_Icon: {fileID: 7422848464349959988, guid: 0000000000000000d000000000000000, type: 0}
  m_NavMeshLayer: 0
  m_StaticEditorFlags: 0
  m_IsActive: 1
--- !u!4 &3486328398182349503
Transform:
  m_ObjectHideFlags: 0
  m_CorrespondingSourceObject: {fileID: 0}
  m_PrefabInstance: {fileID: 0}
  m_PrefabAsset: {fileID: 0}
  m_GameObject: {fileID: 7882697099251883189}
  m_LocalRotation: {x: -0, y: -0.8547323, z: -0, w: -0.5190692}
  m_LocalPosition: {x: 20.800007, y: -3, z: 16}
  m_LocalScale: {x: 1, y: 1, z: 1}
  m_Children: []
  m_Father: {fileID: 5341605800974077915}
  m_RootOrder: 3
  m_LocalEulerAnglesHint: {x: 0, y: -242.54001, z: 0}
--- !u!114 &1585909306765496494
MonoBehaviour:
  m_ObjectHideFlags: 0
  m_CorrespondingSourceObject: {fileID: 0}
  m_PrefabInstance: {fileID: 0}
  m_PrefabAsset: {fileID: 0}
  m_GameObject: {fileID: 7882697099251883189}
  m_Enabled: 1
  m_EditorHideFlags: 0
  m_Script: {fileID: 11500000, guid: 5852f10a92c8139408b4ec2274f5c7a3, type: 3}
  m_Name: 
  m_EditorClassIdentifier: 
  _animationName: idle
  _waitTime: {x: 0, y: 0}
--- !u!1 &7979647665961072649
GameObject:
  m_ObjectHideFlags: 0
  m_CorrespondingSourceObject: {fileID: 0}
  m_PrefabInstance: {fileID: 0}
  m_PrefabAsset: {fileID: 0}
  serializedVersion: 6
  m_Component:
  - component: {fileID: 4520137691217630962}
  - component: {fileID: 2735156035174407448}
  m_Layer: 0
  m_Name: Point (5)
  m_TagString: Untagged
  m_Icon: {fileID: -5442936267250999957, guid: 0000000000000000d000000000000000, type: 0}
  m_NavMeshLayer: 0
  m_StaticEditorFlags: 0
  m_IsActive: 1
--- !u!4 &4520137691217630962
Transform:
  m_ObjectHideFlags: 0
  m_CorrespondingSourceObject: {fileID: 0}
  m_PrefabInstance: {fileID: 0}
  m_PrefabAsset: {fileID: 0}
  m_GameObject: {fileID: 7979647665961072649}
  m_LocalRotation: {x: -0, y: -0.93838793, z: -0, w: -0.3455838}
  m_LocalPosition: {x: 64.600006, y: -3, z: -20.1}
  m_LocalScale: {x: 1, y: 1, z: 1}
  m_Children: []
  m_Father: {fileID: 7950789762873969224}
  m_RootOrder: 5
  m_LocalEulerAnglesHint: {x: 0, y: -220.435, z: 0}
--- !u!114 &2735156035174407448
MonoBehaviour:
  m_ObjectHideFlags: 0
  m_CorrespondingSourceObject: {fileID: 0}
  m_PrefabInstance: {fileID: 0}
  m_PrefabAsset: {fileID: 0}
  m_GameObject: {fileID: 7979647665961072649}
  m_Enabled: 1
  m_EditorHideFlags: 0
  m_Script: {fileID: 11500000, guid: 5852f10a92c8139408b4ec2274f5c7a3, type: 3}
  m_Name: 
  m_EditorClassIdentifier: 
  _animationName: idle
  _waitTime: {x: 0, y: 0}
--- !u!1 &8357276016903109841
GameObject:
  m_ObjectHideFlags: 0
  m_CorrespondingSourceObject: {fileID: 0}
  m_PrefabInstance: {fileID: 0}
  m_PrefabAsset: {fileID: 0}
  serializedVersion: 6
  m_Component:
  - component: {fileID: 8271671120901389426}
  - component: {fileID: 3169333696572141533}
  m_Layer: 0
  m_Name: Point (7)
  m_TagString: Untagged
  m_Icon: {fileID: 7422848464349959988, guid: 0000000000000000d000000000000000, type: 0}
  m_NavMeshLayer: 0
  m_StaticEditorFlags: 0
  m_IsActive: 1
--- !u!4 &8271671120901389426
Transform:
  m_ObjectHideFlags: 0
  m_CorrespondingSourceObject: {fileID: 0}
  m_PrefabInstance: {fileID: 0}
  m_PrefabAsset: {fileID: 0}
  m_GameObject: {fileID: 8357276016903109841}
  m_LocalRotation: {x: -0, y: -0.8547323, z: -0, w: -0.5190692}
  m_LocalPosition: {x: 20.099998, y: -3, z: -11.9}
  m_LocalScale: {x: 1, y: 1, z: 1}
  m_Children: []
  m_Father: {fileID: 5341605800974077915}
  m_RootOrder: 7
  m_LocalEulerAnglesHint: {x: 0, y: -242.54001, z: 0}
--- !u!114 &3169333696572141533
MonoBehaviour:
  m_ObjectHideFlags: 0
  m_CorrespondingSourceObject: {fileID: 0}
  m_PrefabInstance: {fileID: 0}
  m_PrefabAsset: {fileID: 0}
  m_GameObject: {fileID: 8357276016903109841}
  m_Enabled: 1
  m_EditorHideFlags: 0
  m_Script: {fileID: 11500000, guid: 5852f10a92c8139408b4ec2274f5c7a3, type: 3}
  m_Name: 
  m_EditorClassIdentifier: 
  _animationName: idle
  _waitTime: {x: 1, y: 2}
--- !u!1 &8560264529499977838
GameObject:
  m_ObjectHideFlags: 0
  m_CorrespondingSourceObject: {fileID: 0}
  m_PrefabInstance: {fileID: 0}
  m_PrefabAsset: {fileID: 0}
  serializedVersion: 6
  m_Component:
  - component: {fileID: 2789579882533835110}
  - component: {fileID: 2924352807790815205}
  m_Layer: 0
  m_Name: Point (7)
  m_TagString: Untagged
  m_Icon: {fileID: -5442936267250999957, guid: 0000000000000000d000000000000000, type: 0}
  m_NavMeshLayer: 0
  m_StaticEditorFlags: 0
  m_IsActive: 1
--- !u!4 &2789579882533835110
Transform:
  m_ObjectHideFlags: 0
  m_CorrespondingSourceObject: {fileID: 0}
  m_PrefabInstance: {fileID: 0}
  m_PrefabAsset: {fileID: 0}
  m_GameObject: {fileID: 8560264529499977838}
  m_LocalRotation: {x: -0, y: -0.93838793, z: -0, w: -0.3455838}
  m_LocalPosition: {x: 19.100006, y: -3, z: 7.8}
  m_LocalScale: {x: 1, y: 1, z: 1}
  m_Children: []
  m_Father: {fileID: 7950789762873969224}
  m_RootOrder: 7
  m_LocalEulerAnglesHint: {x: 0, y: -220.435, z: 0}
--- !u!114 &2924352807790815205
MonoBehaviour:
  m_ObjectHideFlags: 0
  m_CorrespondingSourceObject: {fileID: 0}
  m_PrefabInstance: {fileID: 0}
  m_PrefabAsset: {fileID: 0}
  m_GameObject: {fileID: 8560264529499977838}
  m_Enabled: 1
  m_EditorHideFlags: 0
  m_Script: {fileID: 11500000, guid: 5852f10a92c8139408b4ec2274f5c7a3, type: 3}
  m_Name: 
  m_EditorClassIdentifier: 
  _animationName: idle
  _waitTime: {x: 0, y: 0}
--- !u!1 &8571559850264314047
GameObject:
  m_ObjectHideFlags: 0
  m_CorrespondingSourceObject: {fileID: 0}
  m_PrefabInstance: {fileID: 0}
  m_PrefabAsset: {fileID: 0}
  serializedVersion: 6
  m_Component:
  - component: {fileID: 5300996355114193316}
  - component: {fileID: 2804712125997272184}
  m_Layer: 0
  m_Name: Point (2)
  m_TagString: Untagged
  m_Icon: {fileID: 7422848464349959988, guid: 0000000000000000d000000000000000, type: 0}
  m_NavMeshLayer: 0
  m_StaticEditorFlags: 0
  m_IsActive: 1
--- !u!4 &5300996355114193316
Transform:
  m_ObjectHideFlags: 0
  m_CorrespondingSourceObject: {fileID: 0}
  m_PrefabInstance: {fileID: 0}
  m_PrefabAsset: {fileID: 0}
  m_GameObject: {fileID: 8571559850264314047}
  m_LocalRotation: {x: -0, y: -0.8547323, z: -0, w: -0.5190692}
  m_LocalPosition: {x: 49.800007, y: -3, z: 14.2}
  m_LocalScale: {x: 1, y: 1, z: 1}
  m_Children: []
  m_Father: {fileID: 5341605800974077915}
  m_RootOrder: 2
  m_LocalEulerAnglesHint: {x: 0, y: -242.54001, z: 0}
--- !u!114 &2804712125997272184
MonoBehaviour:
  m_ObjectHideFlags: 0
  m_CorrespondingSourceObject: {fileID: 0}
  m_PrefabInstance: {fileID: 0}
  m_PrefabAsset: {fileID: 0}
  m_GameObject: {fileID: 8571559850264314047}
  m_Enabled: 1
  m_EditorHideFlags: 0
  m_Script: {fileID: 11500000, guid: 5852f10a92c8139408b4ec2274f5c7a3, type: 3}
  m_Name: 
  m_EditorClassIdentifier: 
  _animationName: idle
  _waitTime: {x: 0, y: 0}
--- !u!1 &8797343382806354096
GameObject:
  m_ObjectHideFlags: 0
  m_CorrespondingSourceObject: {fileID: 0}
  m_PrefabInstance: {fileID: 0}
  m_PrefabAsset: {fileID: 0}
  serializedVersion: 6
  m_Component:
  - component: {fileID: 382038115998455821}
  - component: {fileID: 1729195451802301950}
  m_Layer: 0
  m_Name: Point (9)
  m_TagString: Untagged
  m_Icon: {fileID: -5442936267250999957, guid: 0000000000000000d000000000000000, type: 0}
  m_NavMeshLayer: 0
  m_StaticEditorFlags: 0
  m_IsActive: 1
--- !u!4 &382038115998455821
Transform:
  m_ObjectHideFlags: 0
  m_CorrespondingSourceObject: {fileID: 0}
  m_PrefabInstance: {fileID: 0}
  m_PrefabAsset: {fileID: 0}
  m_GameObject: {fileID: 8797343382806354096}
  m_LocalRotation: {x: -0, y: -0.93838793, z: -0, w: -0.3455838}
  m_LocalPosition: {x: 23.599997, y: -3, z: -19.5}
  m_LocalScale: {x: 1, y: 1, z: 1}
  m_Children: []
  m_Father: {fileID: 7950789762873969224}
  m_RootOrder: 9
  m_LocalEulerAnglesHint: {x: 0, y: -220.435, z: 0}
--- !u!114 &1729195451802301950
MonoBehaviour:
  m_ObjectHideFlags: 0
  m_CorrespondingSourceObject: {fileID: 0}
  m_PrefabInstance: {fileID: 0}
  m_PrefabAsset: {fileID: 0}
  m_GameObject: {fileID: 8797343382806354096}
  m_Enabled: 1
  m_EditorHideFlags: 0
  m_Script: {fileID: 11500000, guid: 5852f10a92c8139408b4ec2274f5c7a3, type: 3}
  m_Name: 
  m_EditorClassIdentifier: 
  _animationName: idle
  _waitTime: {x: 1, y: 2}
--- !u!1 &9003119952175136697
GameObject:
  m_ObjectHideFlags: 0
  m_CorrespondingSourceObject: {fileID: 0}
  m_PrefabInstance: {fileID: 0}
  m_PrefabAsset: {fileID: 0}
  serializedVersion: 6
  m_Component:
  - component: {fileID: 5990420242745576507}
  - component: {fileID: 4337241189169018650}
  m_Layer: 0
  m_Name: Point (11)
  m_TagString: Untagged
  m_Icon: {fileID: 7148428337604731935, guid: 0000000000000000d000000000000000, type: 0}
  m_NavMeshLayer: 0
  m_StaticEditorFlags: 0
  m_IsActive: 1
--- !u!4 &5990420242745576507
Transform:
  m_ObjectHideFlags: 0
  m_CorrespondingSourceObject: {fileID: 0}
  m_PrefabInstance: {fileID: 0}
  m_PrefabAsset: {fileID: 0}
  m_GameObject: {fileID: 9003119952175136697}
  m_LocalRotation: {x: -0, y: -0.93838793, z: -0, w: -0.3455838}
  m_LocalPosition: {x: 35.100002, y: -3, z: -9.1}
  m_LocalScale: {x: 1, y: 1, z: 1}
  m_Children: []
  m_Father: {fileID: 8500154598545721617}
  m_RootOrder: 11
  m_LocalEulerAnglesHint: {x: 0, y: -220.435, z: 0}
--- !u!114 &4337241189169018650
MonoBehaviour:
  m_ObjectHideFlags: 0
  m_CorrespondingSourceObject: {fileID: 0}
  m_PrefabInstance: {fileID: 0}
  m_PrefabAsset: {fileID: 0}
  m_GameObject: {fileID: 9003119952175136697}
  m_Enabled: 1
  m_EditorHideFlags: 0
  m_Script: {fileID: 11500000, guid: 5852f10a92c8139408b4ec2274f5c7a3, type: 3}
  m_Name: 
  m_EditorClassIdentifier: 
  _animationName: idle
  _waitTime: {x: 1, y: 2}
--- !u!1001 &2985676058184825247
PrefabInstance:
  m_ObjectHideFlags: 0
  serializedVersion: 2
  m_Modification:
    m_TransformParent: {fileID: 5494331534078390455}
    m_Modifications:
    - target: {fileID: 5891556140402611791, guid: e9b29269eda129f44b11bb2b66e82df6, type: 3}
      propertyPath: m_RootOrder
      value: 0
      objectReference: {fileID: 0}
    - target: {fileID: 5891556140402611791, guid: e9b29269eda129f44b11bb2b66e82df6, type: 3}
      propertyPath: m_LocalScale.z
      value: -1
      objectReference: {fileID: 0}
    - target: {fileID: 5891556140402611791, guid: e9b29269eda129f44b11bb2b66e82df6, type: 3}
      propertyPath: m_LocalPosition.x
      value: 38.705635
      objectReference: {fileID: 0}
    - target: {fileID: 5891556140402611791, guid: e9b29269eda129f44b11bb2b66e82df6, type: 3}
      propertyPath: m_LocalPosition.y
      value: 0
      objectReference: {fileID: 0}
    - target: {fileID: 5891556140402611791, guid: e9b29269eda129f44b11bb2b66e82df6, type: 3}
      propertyPath: m_LocalPosition.z
      value: -38.98012
      objectReference: {fileID: 0}
    - target: {fileID: 5891556140402611791, guid: e9b29269eda129f44b11bb2b66e82df6, type: 3}
      propertyPath: m_LocalRotation.w
      value: 0.7071068
      objectReference: {fileID: 0}
    - target: {fileID: 5891556140402611791, guid: e9b29269eda129f44b11bb2b66e82df6, type: 3}
      propertyPath: m_LocalRotation.x
      value: 1.7763568e-15
      objectReference: {fileID: 0}
    - target: {fileID: 5891556140402611791, guid: e9b29269eda129f44b11bb2b66e82df6, type: 3}
      propertyPath: m_LocalRotation.y
      value: -0.70710677
      objectReference: {fileID: 0}
    - target: {fileID: 5891556140402611791, guid: e9b29269eda129f44b11bb2b66e82df6, type: 3}
      propertyPath: m_LocalRotation.z
      value: -1.7763568e-15
      objectReference: {fileID: 0}
    - target: {fileID: 5891556140402611791, guid: e9b29269eda129f44b11bb2b66e82df6, type: 3}
      propertyPath: m_LocalEulerAnglesHint.x
      value: 0
      objectReference: {fileID: 0}
    - target: {fileID: 5891556140402611791, guid: e9b29269eda129f44b11bb2b66e82df6, type: 3}
      propertyPath: m_LocalEulerAnglesHint.y
      value: 0
      objectReference: {fileID: 0}
    - target: {fileID: 5891556140402611791, guid: e9b29269eda129f44b11bb2b66e82df6, type: 3}
      propertyPath: m_LocalEulerAnglesHint.z
      value: 0
      objectReference: {fileID: 0}
    - target: {fileID: 9175169824969657057, guid: e9b29269eda129f44b11bb2b66e82df6, type: 3}
      propertyPath: m_Name
      value: Fences
      objectReference: {fileID: 0}
    m_RemovedComponents: []
  m_SourcePrefab: {fileID: 100100000, guid: e9b29269eda129f44b11bb2b66e82df6, type: 3}
--- !u!4 &8695399292414111696 stripped
Transform:
  m_CorrespondingSourceObject: {fileID: 5891556140402611791, guid: e9b29269eda129f44b11bb2b66e82df6, type: 3}
  m_PrefabInstance: {fileID: 2985676058184825247}
  m_PrefabAsset: {fileID: 0}
--- !u!1001 &3738450353101963898
PrefabInstance:
  m_ObjectHideFlags: 0
  serializedVersion: 2
  m_Modification:
    m_TransformParent: {fileID: 6779418966614261760}
    m_Modifications:
    - target: {fileID: 273759275470059222, guid: 9279cd5337e3ccb4b93020a5b0099125, type: 3}
      propertyPath: m_RootOrder
      value: 1
      objectReference: {fileID: 0}
    - target: {fileID: 273759275470059222, guid: 9279cd5337e3ccb4b93020a5b0099125, type: 3}
      propertyPath: m_LocalPosition.x
      value: 16.699997
      objectReference: {fileID: 0}
    - target: {fileID: 273759275470059222, guid: 9279cd5337e3ccb4b93020a5b0099125, type: 3}
      propertyPath: m_LocalPosition.y
      value: 1.8516335
      objectReference: {fileID: 0}
    - target: {fileID: 273759275470059222, guid: 9279cd5337e3ccb4b93020a5b0099125, type: 3}
      propertyPath: m_LocalPosition.z
      value: -53.7
      objectReference: {fileID: 0}
    - target: {fileID: 273759275470059222, guid: 9279cd5337e3ccb4b93020a5b0099125, type: 3}
      propertyPath: m_LocalRotation.w
      value: 1
      objectReference: {fileID: 0}
    - target: {fileID: 273759275470059222, guid: 9279cd5337e3ccb4b93020a5b0099125, type: 3}
      propertyPath: m_LocalRotation.x
      value: -0.000000021855694
      objectReference: {fileID: 0}
    - target: {fileID: 273759275470059222, guid: 9279cd5337e3ccb4b93020a5b0099125, type: 3}
      propertyPath: m_LocalRotation.y
      value: -0
      objectReference: {fileID: 0}
    - target: {fileID: 273759275470059222, guid: 9279cd5337e3ccb4b93020a5b0099125, type: 3}
      propertyPath: m_LocalRotation.z
      value: -0
      objectReference: {fileID: 0}
    - target: {fileID: 273759275470059222, guid: 9279cd5337e3ccb4b93020a5b0099125, type: 3}
      propertyPath: m_LocalEulerAnglesHint.x
      value: 0
      objectReference: {fileID: 0}
    - target: {fileID: 273759275470059222, guid: 9279cd5337e3ccb4b93020a5b0099125, type: 3}
      propertyPath: m_LocalEulerAnglesHint.y
      value: 0
      objectReference: {fileID: 0}
    - target: {fileID: 273759275470059222, guid: 9279cd5337e3ccb4b93020a5b0099125, type: 3}
      propertyPath: m_LocalEulerAnglesHint.z
      value: 0
      objectReference: {fileID: 0}
    - target: {fileID: 7505063999993107711, guid: 9279cd5337e3ccb4b93020a5b0099125, type: 3}
      propertyPath: m_Name
      value: palm_forest_01
      objectReference: {fileID: 0}
    m_RemovedComponents: []
  m_SourcePrefab: {fileID: 100100000, guid: 9279cd5337e3ccb4b93020a5b0099125, type: 3}
--- !u!4 &3471486231300273324 stripped
Transform:
  m_CorrespondingSourceObject: {fileID: 273759275470059222, guid: 9279cd5337e3ccb4b93020a5b0099125, type: 3}
  m_PrefabInstance: {fileID: 3738450353101963898}
  m_PrefabAsset: {fileID: 0}
--- !u!1001 &6153660700515326162
PrefabInstance:
  m_ObjectHideFlags: 0
  serializedVersion: 2
  m_Modification:
    m_TransformParent: {fileID: 6779418966614261760}
    m_Modifications:
    - target: {fileID: 273759275470059222, guid: 9279cd5337e3ccb4b93020a5b0099125, type: 3}
      propertyPath: m_RootOrder
      value: 0
      objectReference: {fileID: 0}
    - target: {fileID: 273759275470059222, guid: 9279cd5337e3ccb4b93020a5b0099125, type: 3}
      propertyPath: m_LocalPosition.x
      value: -20.2
      objectReference: {fileID: 0}
    - target: {fileID: 273759275470059222, guid: 9279cd5337e3ccb4b93020a5b0099125, type: 3}
      propertyPath: m_LocalPosition.y
      value: 1.8516351
      objectReference: {fileID: 0}
    - target: {fileID: 273759275470059222, guid: 9279cd5337e3ccb4b93020a5b0099125, type: 3}
      propertyPath: m_LocalPosition.z
      value: -21.900002
      objectReference: {fileID: 0}
    - target: {fileID: 273759275470059222, guid: 9279cd5337e3ccb4b93020a5b0099125, type: 3}
      propertyPath: m_LocalRotation.w
      value: 1
      objectReference: {fileID: 0}
    - target: {fileID: 273759275470059222, guid: 9279cd5337e3ccb4b93020a5b0099125, type: 3}
      propertyPath: m_LocalRotation.x
      value: -0.000000021855694
      objectReference: {fileID: 0}
    - target: {fileID: 273759275470059222, guid: 9279cd5337e3ccb4b93020a5b0099125, type: 3}
      propertyPath: m_LocalRotation.y
      value: -0
      objectReference: {fileID: 0}
    - target: {fileID: 273759275470059222, guid: 9279cd5337e3ccb4b93020a5b0099125, type: 3}
      propertyPath: m_LocalRotation.z
      value: -0
      objectReference: {fileID: 0}
    - target: {fileID: 273759275470059222, guid: 9279cd5337e3ccb4b93020a5b0099125, type: 3}
      propertyPath: m_LocalEulerAnglesHint.x
      value: 0
      objectReference: {fileID: 0}
    - target: {fileID: 273759275470059222, guid: 9279cd5337e3ccb4b93020a5b0099125, type: 3}
      propertyPath: m_LocalEulerAnglesHint.y
      value: 0
      objectReference: {fileID: 0}
    - target: {fileID: 273759275470059222, guid: 9279cd5337e3ccb4b93020a5b0099125, type: 3}
      propertyPath: m_LocalEulerAnglesHint.z
      value: 0
      objectReference: {fileID: 0}
    - target: {fileID: 7505063999993107711, guid: 9279cd5337e3ccb4b93020a5b0099125, type: 3}
      propertyPath: m_Name
      value: palm_forest_01 (1)
      objectReference: {fileID: 0}
    m_RemovedComponents: []
  m_SourcePrefab: {fileID: 100100000, guid: 9279cd5337e3ccb4b93020a5b0099125, type: 3}
--- !u!4 &6244987803564977668 stripped
Transform:
  m_CorrespondingSourceObject: {fileID: 273759275470059222, guid: 9279cd5337e3ccb4b93020a5b0099125, type: 3}
  m_PrefabInstance: {fileID: 6153660700515326162}
  m_PrefabAsset: {fileID: 0}
