%YAML 1.1
%TAG !u! tag:unity3d.com,2011:
--- !u!1 &18591319725807849
GameObject:
  m_ObjectHideFlags: 0
  m_CorrespondingSourceObject: {fileID: 0}
  m_PrefabInstance: {fileID: 0}
  m_PrefabAsset: {fileID: 0}
  serializedVersion: 6
  m_Component:
  - component: {fileID: 7079744697901398819}
  m_Layer: 7
  m_Name: bn_Human_Neck
  m_TagString: Untagged
  m_Icon: {fileID: 0}
  m_NavMeshLayer: 0
  m_StaticEditorFlags: 0
  m_IsActive: 1
--- !u!4 &7079744697901398819
Transform:
  m_ObjectHideFlags: 0
  m_CorrespondingSourceObject: {fileID: 0}
  m_PrefabInstance: {fileID: 0}
  m_PrefabAsset: {fileID: 0}
  m_GameObject: {fileID: 18591319725807849}
  m_LocalRotation: {x: 0.0000022823256, y: -0.000000003956632, z: 0.01081818, w: 0.9999415}
  m_LocalPosition: {x: -0.018204765, y: -0.002098111, z: -0.0000000029317015}
  m_LocalScale: {x: 1, y: 1, z: 1}
  m_Children:
  - {fileID: 2538852226368305413}
  m_Father: {fileID: 4939921394149713677}
  m_RootOrder: 1
  m_LocalEulerAnglesHint: {x: 0, y: 0, z: 0}
--- !u!1 &1033151302717979354
GameObject:
  m_ObjectHideFlags: 0
  m_CorrespondingSourceObject: {fileID: 0}
  m_PrefabInstance: {fileID: 0}
  m_PrefabAsset: {fileID: 0}
  serializedVersion: 6
  m_Component:
  - component: {fileID: 2156119206295755203}
  m_Layer: 7
  m_Name: bn_Human_RToe1
  m_TagString: Untagged
  m_Icon: {fileID: 0}
  m_NavMeshLayer: 0
  m_StaticEditorFlags: 0
  m_IsActive: 1
--- !u!4 &2156119206295755203
Transform:
  m_ObjectHideFlags: 0
  m_CorrespondingSourceObject: {fileID: 0}
  m_PrefabInstance: {fileID: 0}
  m_PrefabAsset: {fileID: 0}
  m_GameObject: {fileID: 1033151302717979354}
  m_LocalRotation: {x: 0.00013110858, y: 0.00028531364, z: -0.10234517, w: 0.9947489}
  m_LocalPosition: {x: -0.046790965, y: 0.000000013113022, z: 0}
  m_LocalScale: {x: 1, y: 1, z: 1}
  m_Children: []
  m_Father: {fileID: 1357086633564550453}
  m_RootOrder: 0
  m_LocalEulerAnglesHint: {x: 0, y: 0, z: 0}
--- !u!1 &1093969367160270651
GameObject:
  m_ObjectHideFlags: 0
  m_CorrespondingSourceObject: {fileID: 0}
  m_PrefabInstance: {fileID: 0}
  m_PrefabAsset: {fileID: 0}
  serializedVersion: 6
  m_Component:
  - component: {fileID: 4939921394149713677}
  m_Layer: 7
  m_Name: bn_Human_Ribcage
  m_TagString: Untagged
  m_Icon: {fileID: 0}
  m_NavMeshLayer: 0
  m_StaticEditorFlags: 0
  m_IsActive: 1
--- !u!4 &4939921394149713677
Transform:
  m_ObjectHideFlags: 0
  m_CorrespondingSourceObject: {fileID: 0}
  m_PrefabInstance: {fileID: 0}
  m_PrefabAsset: {fileID: 0}
  m_GameObject: {fileID: 1093969367160270651}
  m_LocalRotation: {x: -0.00000001078735, y: 0.0000000024221227, z: 0.0032937229, w: 0.9999946}
  m_LocalPosition: {x: -0.16546974, y: -0.0000000011920929, z: -1.7789716e-11}
  m_LocalScale: {x: 1, y: 1, z: 1}
  m_Children:
  - {fileID: 3020366257820224024}
  - {fileID: 7079744697901398819}
  - {fileID: 8052542772480286663}
  m_Father: {fileID: 5338739629514183525}
  m_RootOrder: 0
  m_LocalEulerAnglesHint: {x: 0, y: 0, z: 0}
--- !u!1 &1283013493695834247
GameObject:
  m_ObjectHideFlags: 0
  m_CorrespondingSourceObject: {fileID: 0}
  m_PrefabInstance: {fileID: 0}
  m_PrefabAsset: {fileID: 0}
  serializedVersion: 6
  m_Component:
  - component: {fileID: 5604655228147269710}
  m_Layer: 7
  m_Name: bn_Human_RUpperarm
  m_TagString: Untagged
  m_Icon: {fileID: 0}
  m_NavMeshLayer: 0
  m_StaticEditorFlags: 0
  m_IsActive: 1
--- !u!4 &5604655228147269710
Transform:
  m_ObjectHideFlags: 0
  m_CorrespondingSourceObject: {fileID: 0}
  m_PrefabInstance: {fileID: 0}
  m_PrefabAsset: {fileID: 0}
  m_GameObject: {fileID: 1283013493695834247}
  m_LocalRotation: {x: -0.06852881, y: -0.4956849, z: 0.008077018, w: 0.8657569}
  m_LocalPosition: {x: -0.066514395, y: 0.0000000166893, z: 0.00000019073485}
  m_LocalScale: {x: 0.999999, y: 1, z: 1.000001}
  m_Children:
  - {fileID: 1087334004100536969}
  m_Father: {fileID: 8052542772480286663}
  m_RootOrder: 0
  m_LocalEulerAnglesHint: {x: 0, y: 0, z: 0}
--- !u!1 &1601410252095633412
GameObject:
  m_ObjectHideFlags: 0
  m_CorrespondingSourceObject: {fileID: 0}
  m_PrefabInstance: {fileID: 0}
  m_PrefabAsset: {fileID: 0}
  serializedVersion: 6
  m_Component:
  - component: {fileID: 8073783612291275372}
  m_Layer: 7
  m_Name: bn_Human_LFinger2
  m_TagString: Untagged
  m_Icon: {fileID: 0}
  m_NavMeshLayer: 0
  m_StaticEditorFlags: 0
  m_IsActive: 1
--- !u!4 &8073783612291275372
Transform:
  m_ObjectHideFlags: 0
  m_CorrespondingSourceObject: {fileID: 0}
  m_PrefabInstance: {fileID: 0}
  m_PrefabAsset: {fileID: 0}
  m_GameObject: {fileID: 1601410252095633412}
  m_LocalRotation: {x: 0.6852821, y: 0.1911736, z: 0.021081218, w: 0.702422}
  m_LocalPosition: {x: -0.021122703, y: -0.03725313, z: 0.03557495}
  m_LocalScale: {x: 1.00002, y: 0.999999, z: 0.99998}
  m_Children: []
  m_Father: {fileID: 8988810490405959086}
  m_RootOrder: 1
  m_LocalEulerAnglesHint: {x: 0, y: 0, z: 0}
--- !u!1 &2246287231505578431
GameObject:
  m_ObjectHideFlags: 0
  m_CorrespondingSourceObject: {fileID: 0}
  m_PrefabInstance: {fileID: 0}
  m_PrefabAsset: {fileID: 0}
  serializedVersion: 6
  m_Component:
  - component: {fileID: 5955755793758324962}
  m_Layer: 7
  m_Name: bn_Human_LThigh
  m_TagString: Untagged
  m_Icon: {fileID: 0}
  m_NavMeshLayer: 0
  m_StaticEditorFlags: 0
  m_IsActive: 1
--- !u!4 &5955755793758324962
Transform:
  m_ObjectHideFlags: 0
  m_CorrespondingSourceObject: {fileID: 0}
  m_PrefabInstance: {fileID: 0}
  m_PrefabAsset: {fileID: 0}
  m_GameObject: {fileID: 2246287231505578431}
  m_LocalRotation: {x: 0.017689932, y: 0.9998421, z: 0.0007114955, w: 0.0015598234}
  m_LocalPosition: {x: 0.0072600553, y: 0.018434716, z: 0.05661916}
  m_LocalScale: {x: 1, y: 1, z: 1}
  m_Children:
  - {fileID: 5975926956394361423}
  m_Father: {fileID: 8307290635420404829}
  m_RootOrder: 0
  m_LocalEulerAnglesHint: {x: 0, y: 0, z: 0}
--- !u!1 &2262339519801802590
GameObject:
  m_ObjectHideFlags: 0
  m_CorrespondingSourceObject: {fileID: 0}
  m_PrefabInstance: {fileID: 0}
  m_PrefabAsset: {fileID: 0}
  serializedVersion: 6
  m_Component:
  - component: {fileID: 8052542772480286663}
  m_Layer: 7
  m_Name: bn_Human_RCollarbone
  m_TagString: Untagged
  m_Icon: {fileID: 0}
  m_NavMeshLayer: 0
  m_StaticEditorFlags: 0
  m_IsActive: 1
--- !u!4 &8052542772480286663
Transform:
  m_ObjectHideFlags: 0
  m_CorrespondingSourceObject: {fileID: 0}
  m_PrefabInstance: {fileID: 0}
  m_PrefabAsset: {fileID: 0}
  m_GameObject: {fileID: 2262339519801802590}
  m_LocalRotation: {x: 0.018413553, y: -0.67399096, z: 0.021800337, w: 0.73818827}
  m_LocalPosition: {x: 0.012686996, y: 0.000815891, z: -0.011058104}
  m_LocalScale: {x: 1, y: 1, z: 1}
  m_Children:
  - {fileID: 5604655228147269710}
  m_Father: {fileID: 4939921394149713677}
  m_RootOrder: 2
  m_LocalEulerAnglesHint: {x: 0, y: 0, z: 0}
--- !u!1 &2381913867554456108
GameObject:
  m_ObjectHideFlags: 0
  m_CorrespondingSourceObject: {fileID: 0}
  m_PrefabInstance: {fileID: 0}
  m_PrefabAsset: {fileID: 0}
  serializedVersion: 6
  m_Component:
  - component: {fileID: 1594704349026004616}
  m_Layer: 7
  m_Name: bn_Human_RPlatform
  m_TagString: Untagged
  m_Icon: {fileID: 0}
  m_NavMeshLayer: 0
  m_StaticEditorFlags: 0
  m_IsActive: 1
--- !u!4 &1594704349026004616
Transform:
  m_ObjectHideFlags: 0
  m_CorrespondingSourceObject: {fileID: 0}
  m_PrefabInstance: {fileID: 0}
  m_PrefabAsset: {fileID: 0}
  m_GameObject: {fileID: 2381913867554456108}
  m_LocalRotation: {x: 0.50000006, y: -0.5, z: -0.4999999, w: 0.5}
  m_LocalPosition: {x: 0.05697449, y: -8.7811575e-10, z: 0.019245025}
  m_LocalScale: {x: 1, y: 1, z: 1}
  m_Children: []
  m_Father: {fileID: 9071872623047859147}
  m_RootOrder: 2
  m_LocalEulerAnglesHint: {x: 0, y: 0, z: 0}
--- !u!1 &2779098616738297853
GameObject:
  m_ObjectHideFlags: 0
  m_CorrespondingSourceObject: {fileID: 0}
  m_PrefabInstance: {fileID: 0}
  m_PrefabAsset: {fileID: 0}
  serializedVersion: 6
  m_Component:
  - component: {fileID: 3308047224457071252}
  m_Layer: 7
  m_Name: bn_Human_LPlatform
  m_TagString: Untagged
  m_Icon: {fileID: 0}
  m_NavMeshLayer: 0
  m_StaticEditorFlags: 0
  m_IsActive: 1
--- !u!4 &3308047224457071252
Transform:
  m_ObjectHideFlags: 0
  m_CorrespondingSourceObject: {fileID: 0}
  m_PrefabInstance: {fileID: 0}
  m_PrefabAsset: {fileID: 0}
  m_GameObject: {fileID: 2779098616738297853}
  m_LocalRotation: {x: 0.50000006, y: -0.5, z: -0.4999999, w: 0.5}
  m_LocalPosition: {x: -0.0569745, y: -8.781128e-10, z: 0.01924501}
  m_LocalScale: {x: 1, y: 1, z: 1}
  m_Children: []
  m_Father: {fileID: 9071872623047859147}
  m_RootOrder: 0
  m_LocalEulerAnglesHint: {x: 0, y: 0, z: 0}
--- !u!1 &3088332171751931630
GameObject:
  m_ObjectHideFlags: 0
  m_CorrespondingSourceObject: {fileID: 0}
  m_PrefabInstance: {fileID: 0}
  m_PrefabAsset: {fileID: 0}
  serializedVersion: 6
  m_Component:
  - component: {fileID: 5338739629514183525}
  m_Layer: 7
  m_Name: bn_Human_Spine
  m_TagString: Untagged
  m_Icon: {fileID: 0}
  m_NavMeshLayer: 0
  m_StaticEditorFlags: 0
  m_IsActive: 1
--- !u!4 &5338739629514183525
Transform:
  m_ObjectHideFlags: 0
  m_CorrespondingSourceObject: {fileID: 0}
  m_PrefabInstance: {fileID: 0}
  m_PrefabAsset: {fileID: 0}
  m_GameObject: {fileID: 3088332171751931630}
  m_LocalRotation: {x: -0.000008677386, y: 0.00000007389374, z: 0.008125183, w: 0.999967}
  m_LocalPosition: {x: -0.11628959, y: -0.0013671076, z: -0.000000007553986}
  m_LocalScale: {x: 1, y: 1, z: 1}
  m_Children:
  - {fileID: 4939921394149713677}
  m_Father: {fileID: 8307290635420404829}
  m_RootOrder: 2
  m_LocalEulerAnglesHint: {x: 0, y: 0, z: 0}
--- !u!1 &3968130120006652006
GameObject:
  m_ObjectHideFlags: 0
  m_CorrespondingSourceObject: {fileID: 0}
  m_PrefabInstance: {fileID: 0}
  m_PrefabAsset: {fileID: 0}
  serializedVersion: 6
  m_Component:
  - component: {fileID: 6064577714991816363}
  m_Layer: 7
  m_Name: Root
  m_TagString: Untagged
  m_Icon: {fileID: 0}
  m_NavMeshLayer: 0
  m_StaticEditorFlags: 0
  m_IsActive: 1
--- !u!4 &6064577714991816363
Transform:
  m_ObjectHideFlags: 0
  m_CorrespondingSourceObject: {fileID: 0}
  m_PrefabInstance: {fileID: 0}
  m_PrefabAsset: {fileID: 0}
  m_GameObject: {fileID: 3968130120006652006}
  m_LocalRotation: {x: 0.50000006, y: -0.5, z: -0.4999999, w: 0.5}
  m_LocalPosition: {x: -0, y: 0, z: 0}
  m_LocalScale: {x: 1, y: 1, z: 1}
  m_Children: []
  m_Father: {fileID: 9071872623047859147}
  m_RootOrder: 4
  m_LocalEulerAnglesHint: {x: 0, y: 0, z: 0}
--- !u!1 &4250407970239264000
GameObject:
  m_ObjectHideFlags: 0
  m_CorrespondingSourceObject: {fileID: 0}
  m_PrefabInstance: {fileID: 0}
  m_PrefabAsset: {fileID: 0}
  serializedVersion: 6
  m_Component:
  - component: {fileID: 1357086633564550453}
  m_Layer: 7
  m_Name: bn_Human_RFoot
  m_TagString: Untagged
  m_Icon: {fileID: 0}
  m_NavMeshLayer: 0
  m_StaticEditorFlags: 0
  m_IsActive: 1
--- !u!4 &1357086633564550453
Transform:
  m_ObjectHideFlags: 0
  m_CorrespondingSourceObject: {fileID: 0}
  m_PrefabInstance: {fileID: 0}
  m_PrefabAsset: {fileID: 0}
  m_GameObject: {fileID: 4250407970239264000}
  m_LocalRotation: {x: -0.00026518502, y: -0.0022164586, z: -0.70770127, w: 0.7065083}
  m_LocalPosition: {x: -0.12790239, y: 0.0000000023841857, z: -0.0000000047683715}
  m_LocalScale: {x: 1.000001, y: 1, z: 1}
  m_Children:
  - {fileID: 2156119206295755203}
  m_Father: {fileID: 2820661257213837845}
  m_RootOrder: 0
  m_LocalEulerAnglesHint: {x: 0, y: 0, z: 0}
--- !u!1 &4470777599709195560
GameObject:
  m_ObjectHideFlags: 0
  m_CorrespondingSourceObject: {fileID: 0}
  m_PrefabInstance: {fileID: 0}
  m_PrefabAsset: {fileID: 0}
  serializedVersion: 6
  m_Component:
  - component: {fileID: 5975926956394361423}
  m_Layer: 7
  m_Name: bn_Human_LCalf
  m_TagString: Untagged
  m_Icon: {fileID: 0}
  m_NavMeshLayer: 0
  m_StaticEditorFlags: 0
  m_IsActive: 1
--- !u!4 &5975926956394361423
Transform:
  m_ObjectHideFlags: 0
  m_CorrespondingSourceObject: {fileID: 0}
  m_PrefabInstance: {fileID: 0}
  m_PrefabAsset: {fileID: 0}
  m_GameObject: {fileID: 4470777599709195560}
  m_LocalRotation: {x: -0.00048043006, y: -0.00013585275, z: 0.08724726, w: 0.99618655}
  m_LocalPosition: {x: -0.13339727, y: 0.00000018030404, z: -0.0000000047683715}
  m_LocalScale: {x: 1, y: 1, z: 1}
  m_Children:
  - {fileID: 5659663845670917575}
  m_Father: {fileID: 5955755793758324962}
  m_RootOrder: 0
  m_LocalEulerAnglesHint: {x: 0, y: 0, z: 0}
--- !u!1 &5112264778066108272
GameObject:
  m_ObjectHideFlags: 0
  m_CorrespondingSourceObject: {fileID: 0}
  m_PrefabInstance: {fileID: 0}
  m_PrefabAsset: {fileID: 0}
  serializedVersion: 6
  m_Component:
  - component: {fileID: 5659663845670917575}
  m_Layer: 7
  m_Name: bn_Human_LFoot
  m_TagString: Untagged
  m_Icon: {fileID: 0}
  m_NavMeshLayer: 0
  m_StaticEditorFlags: 0
  m_IsActive: 1
--- !u!4 &5659663845670917575
Transform:
  m_ObjectHideFlags: 0
  m_CorrespondingSourceObject: {fileID: 0}
  m_PrefabInstance: {fileID: 0}
  m_PrefabAsset: {fileID: 0}
  m_GameObject: {fileID: 5112264778066108272}
  m_LocalRotation: {x: 0.00017939163, y: 0.0020600806, z: -0.70767635, w: 0.70653373}
  m_LocalPosition: {x: -0.12790237, y: -0.0000000023841857, z: 0}
  m_LocalScale: {x: 1, y: 1, z: 1}
  m_Children:
  - {fileID: 2073114006295207774}
  m_Father: {fileID: 5975926956394361423}
  m_RootOrder: 0
  m_LocalEulerAnglesHint: {x: 0, y: 0, z: 0}
--- !u!1 &5271835334597393441
GameObject:
  m_ObjectHideFlags: 0
  m_CorrespondingSourceObject: {fileID: 0}
  m_PrefabInstance: {fileID: 0}
  m_PrefabAsset: {fileID: 0}
  serializedVersion: 6
  m_Component:
  - component: {fileID: 5999394441037465915}
  m_Layer: 7
  m_Name: bn_Human_LForearm
  m_TagString: Untagged
  m_Icon: {fileID: 0}
  m_NavMeshLayer: 0
  m_StaticEditorFlags: 0
  m_IsActive: 1
--- !u!4 &5999394441037465915
Transform:
  m_ObjectHideFlags: 0
  m_CorrespondingSourceObject: {fileID: 0}
  m_PrefabInstance: {fileID: 0}
  m_PrefabAsset: {fileID: 0}
  m_GameObject: {fileID: 5271835334597393441}
  m_LocalRotation: {x: 0.026449816, y: 0.118731074, z: -0.029599845, w: 0.99213266}
  m_LocalPosition: {x: -0.117798805, y: 0.000000166893, z: 0.000001411438}
  m_LocalScale: {x: 1.000007, y: 1, z: 0.999992}
  m_Children:
  - {fileID: 8988810490405959086}
  m_Father: {fileID: 3516541724912340392}
  m_RootOrder: 0
  m_LocalEulerAnglesHint: {x: 0, y: 0, z: 0}
--- !u!1 &5284607744094716040
GameObject:
  m_ObjectHideFlags: 0
  m_CorrespondingSourceObject: {fileID: 0}
  m_PrefabInstance: {fileID: 0}
  m_PrefabAsset: {fileID: 0}
  serializedVersion: 6
  m_Component:
  - component: {fileID: 2538852226368305413}
  m_Layer: 7
  m_Name: bn_Human_Head
  m_TagString: Untagged
  m_Icon: {fileID: 0}
  m_NavMeshLayer: 0
  m_StaticEditorFlags: 0
  m_IsActive: 1
--- !u!4 &2538852226368305413
Transform:
  m_ObjectHideFlags: 0
  m_CorrespondingSourceObject: {fileID: 0}
  m_PrefabInstance: {fileID: 0}
  m_PrefabAsset: {fileID: 0}
  m_GameObject: {fileID: 5284607744094716040}
  m_LocalRotation: {x: 0.0000012502168, y: 0.00000007627387, z: 0.016439406, w: 0.9998649}
  m_LocalPosition: {x: -0.098288074, y: -0.000000102519984, z: 5.77802e-10}
  m_LocalScale: {x: 1, y: 1, z: 1}
  m_Children: []
  m_Father: {fileID: 7079744697901398819}
  m_RootOrder: 0
  m_LocalEulerAnglesHint: {x: 0, y: 0, z: 0}
--- !u!1 &5312253735160355011
GameObject:
  m_ObjectHideFlags: 0
  m_CorrespondingSourceObject: {fileID: 0}
  m_PrefabInstance: {fileID: 0}
  m_PrefabAsset: {fileID: 0}
  serializedVersion: 6
  m_Component:
  - component: {fileID: 6725059605010481944}
  - component: {fileID: 8612045295934293261}
  m_Layer: 7
  m_Name: idlelife_char_shoes_20
  m_TagString: Untagged
  m_Icon: {fileID: 0}
  m_NavMeshLayer: 0
  m_StaticEditorFlags: 0
  m_IsActive: 1
--- !u!4 &6725059605010481944
Transform:
  m_ObjectHideFlags: 0
  m_CorrespondingSourceObject: {fileID: 0}
  m_PrefabInstance: {fileID: 0}
  m_PrefabAsset: {fileID: 0}
  m_GameObject: {fileID: 5312253735160355011}
  m_LocalRotation: {x: 0.000000021855694, y: 0, z: -0, w: 1}
  m_LocalPosition: {x: -0, y: 0, z: 0}
  m_LocalScale: {x: 1, y: 1, z: 1}
  m_Children: []
  m_Father: {fileID: 9071872623047859147}
  m_RootOrder: 3
  m_LocalEulerAnglesHint: {x: 0, y: 0, z: 0}
--- !u!137 &8612045295934293261
SkinnedMeshRenderer:
  m_ObjectHideFlags: 0
  m_CorrespondingSourceObject: {fileID: 0}
  m_PrefabInstance: {fileID: 0}
  m_PrefabAsset: {fileID: 0}
  m_GameObject: {fileID: 5312253735160355011}
  m_Enabled: 1
  m_CastShadows: 1
  m_ReceiveShadows: 1
  m_DynamicOccludee: 1
  m_MotionVectors: 1
  m_LightProbeUsage: 1
  m_ReflectionProbeUsage: 1
  m_RayTracingMode: 3
  m_RayTraceProcedural: 0
  m_RenderingLayerMask: 1
  m_RendererPriority: 0
  m_Materials:
  - {fileID: 2100000, guid: 676b5d23f2997784396510ccb8f0fac9, type: 2}
  m_StaticBatchInfo:
    firstSubMesh: 0
    subMeshCount: 0
  m_StaticBatchRoot: {fileID: 0}
  m_ProbeAnchor: {fileID: 0}
  m_LightProbeVolumeOverride: {fileID: 0}
  m_ScaleInLightmap: 1
  m_ReceiveGI: 1
  m_PreserveUVs: 0
  m_IgnoreNormalsForChartDetection: 0
  m_ImportantGI: 0
  m_StitchLightmapSeams: 1
  m_SelectedEditorRenderState: 3
  m_MinimumChartSize: 4
  m_AutoUVMaxDistance: 0.5
  m_AutoUVMaxAngle: 89
  m_LightmapParameters: {fileID: 0}
  m_SortingLayerID: 0
  m_SortingLayer: 0
  m_SortingOrder: 0
  serializedVersion: 2
  m_Quality: 0
  m_UpdateWhenOffscreen: 0
  m_SkinnedMotionVectors: 1
  m_Mesh: {fileID: 5327964952372366233, guid: bdd73384d1c368949895898a2ebb7718, type: 3}
  m_Bones:
  - {fileID: 5659663845670917575}
  - {fileID: 5975926956394361423}
  - {fileID: 2073114006295207774}
  - {fileID: 1357086633564550453}
  - {fileID: 2820661257213837845}
  - {fileID: 2156119206295755203}
  m_BlendShapeWeights: []
  m_RootBone: {fileID: 2820661257213837845}
  m_AABB:
    m_Center: {x: -0.11804271, y: 0.03707944, z: -0.057474725}
    m_Extent: {x: 0.04136384, y: 0.072696224, z: 0.08640725}
  m_DirtyAABB: 0
--- !u!1 &5457973302612797912
GameObject:
  m_ObjectHideFlags: 0
  m_CorrespondingSourceObject: {fileID: 0}
  m_PrefabInstance: {fileID: 0}
  m_PrefabAsset: {fileID: 0}
  serializedVersion: 6
  m_Component:
  - component: {fileID: 9071872623047859147}
  - component: {fileID: 5957062482180705654}
  m_Layer: 7
  m_Name: feet_11
  m_TagString: Untagged
  m_Icon: {fileID: 0}
  m_NavMeshLayer: 0
  m_StaticEditorFlags: 0
  m_IsActive: 1
--- !u!4 &9071872623047859147
Transform:
  m_ObjectHideFlags: 0
  m_CorrespondingSourceObject: {fileID: 0}
  m_PrefabInstance: {fileID: 0}
  m_PrefabAsset: {fileID: 0}
  m_GameObject: {fileID: 5457973302612797912}
  m_LocalRotation: {x: 0, y: 0, z: 0, w: 1}
  m_LocalPosition: {x: 0, y: 0, z: 0}
  m_LocalScale: {x: 1, y: 1, z: 1}
  m_Children:
  - {fileID: 3308047224457071252}
  - {fileID: 8307290635420404829}
  - {fileID: 1594704349026004616}
  - {fileID: 6725059605010481944}
  - {fileID: 6064577714991816363}
  m_Father: {fileID: 0}
  m_RootOrder: 0
  m_LocalEulerAnglesHint: {x: 0, y: 0, z: 0}
--- !u!114 &5957062482180705654
MonoBehaviour:
  m_ObjectHideFlags: 0
  m_CorrespondingSourceObject: {fileID: 0}
  m_PrefabInstance: {fileID: 0}
  m_PrefabAsset: {fileID: 0}
  m_GameObject: {fileID: 5457973302612797912}
  m_Enabled: 1
  m_EditorHideFlags: 0
  m_Script: {fileID: 11500000, guid: dcc6e4071f8e1d244aef76310bfb12ec, type: 3}
  m_Name: 
  m_EditorClassIdentifier: 
  rendererId: FEET
--- !u!1 &5482011069970869039
GameObject:
  m_ObjectHideFlags: 0
  m_CorrespondingSourceObject: {fileID: 0}
  m_PrefabInstance: {fileID: 0}
  m_PrefabAsset: {fileID: 0}
  serializedVersion: 6
  m_Component:
  - component: {fileID: 4403184866705041413}
  m_Layer: 7
  m_Name: bn_Human_RPalm
  m_TagString: Untagged
  m_Icon: {fileID: 0}
  m_NavMeshLayer: 0
  m_StaticEditorFlags: 0
  m_IsActive: 1
--- !u!4 &4403184866705041413
Transform:
  m_ObjectHideFlags: 0
  m_CorrespondingSourceObject: {fileID: 0}
  m_PrefabInstance: {fileID: 0}
  m_PrefabAsset: {fileID: 0}
  m_GameObject: {fileID: 5482011069970869039}
  m_LocalRotation: {x: 0.6728396, y: -0.00004210752, z: 0.017003246, w: 0.739593}
  m_LocalPosition: {x: -0.112113796, y: 0.0000004863739, z: -0.0000021743774}
  m_LocalScale: {x: 1.000009, y: 0.999991, z: 1}
  m_Children:
  - {fileID: 4836831373187618717}
  - {fileID: 4238716879430347215}
  m_Father: {fileID: 1087334004100536969}
  m_RootOrder: 0
  m_LocalEulerAnglesHint: {x: 0, y: 0, z: 0}
--- !u!1 &5543834019289490779
GameObject:
  m_ObjectHideFlags: 0
  m_CorrespondingSourceObject: {fileID: 0}
  m_PrefabInstance: {fileID: 0}
  m_PrefabAsset: {fileID: 0}
  serializedVersion: 6
  m_Component:
  - component: {fileID: 4891737286171923673}
  m_Layer: 7
  m_Name: bn_Human_RThigh
  m_TagString: Untagged
  m_Icon: {fileID: 0}
  m_NavMeshLayer: 0
  m_StaticEditorFlags: 0
  m_IsActive: 1
--- !u!4 &4891737286171923673
Transform:
  m_ObjectHideFlags: 0
  m_CorrespondingSourceObject: {fileID: 0}
  m_PrefabInstance: {fileID: 0}
  m_PrefabAsset: {fileID: 0}
  m_GameObject: {fileID: 5543834019289490779}
  m_LocalRotation: {x: 0.017638557, y: 0.999843, z: -0.00071227417, w: -0.0015503984}
  m_LocalPosition: {x: 0.0072600744, y: 0.018434716, z: -0.056619152}
  m_LocalScale: {x: 1, y: 1, z: 1}
  m_Children:
  - {fileID: 2820661257213837845}
  m_Father: {fileID: 8307290635420404829}
  m_RootOrder: 1
  m_LocalEulerAnglesHint: {x: 0, y: 0, z: 0}
--- !u!1 &5784378443258319998
GameObject:
  m_ObjectHideFlags: 0
  m_CorrespondingSourceObject: {fileID: 0}
  m_PrefabInstance: {fileID: 0}
  m_PrefabAsset: {fileID: 0}
  serializedVersion: 6
  m_Component:
  - component: {fileID: 2073114006295207774}
  m_Layer: 7
  m_Name: bn_Human_LToe1
  m_TagString: Untagged
  m_Icon: {fileID: 0}
  m_NavMeshLayer: 0
  m_StaticEditorFlags: 0
  m_IsActive: 1
--- !u!4 &2073114006295207774
Transform:
  m_ObjectHideFlags: 0
  m_CorrespondingSourceObject: {fileID: 0}
  m_PrefabInstance: {fileID: 0}
  m_PrefabAsset: {fileID: 0}
  m_GameObject: {fileID: 5784378443258319998}
  m_LocalRotation: {x: -0.00014876854, y: -0.000113612106, z: -0.1023191, w: 0.99475163}
  m_LocalPosition: {x: -0.046790976, y: -0.0000000011920929, z: 0}
  m_LocalScale: {x: 1, y: 1, z: 1}
  m_Children: []
  m_Father: {fileID: 5659663845670917575}
  m_RootOrder: 0
  m_LocalEulerAnglesHint: {x: 0, y: 0, z: 0}
--- !u!1 &6398348053539544921
GameObject:
  m_ObjectHideFlags: 0
  m_CorrespondingSourceObject: {fileID: 0}
  m_PrefabInstance: {fileID: 0}
  m_PrefabAsset: {fileID: 0}
  serializedVersion: 6
  m_Component:
  - component: {fileID: 8307290635420404829}
  m_Layer: 7
  m_Name: bn_Human_Pelvis
  m_TagString: Untagged
  m_Icon: {fileID: 0}
  m_NavMeshLayer: 0
  m_StaticEditorFlags: 0
  m_IsActive: 1
--- !u!4 &8307290635420404829
Transform:
  m_ObjectHideFlags: 0
  m_CorrespondingSourceObject: {fileID: 0}
  m_PrefabInstance: {fileID: 0}
  m_PrefabAsset: {fileID: 0}
  m_GameObject: {fileID: 6398348053539544921}
  m_LocalRotation: {x: 0.49912703, y: -0.50087154, z: -0.49912694, w: 0.5008715}
  m_LocalPosition: {x: -1.420706e-10, y: 0.28790036, z: -0.0115844915}
  m_LocalScale: {x: 1, y: 1, z: 1}
  m_Children:
  - {fileID: 5955755793758324962}
  - {fileID: 4891737286171923673}
  - {fileID: 5338739629514183525}
  m_Father: {fileID: 9071872623047859147}
  m_RootOrder: 1
  m_LocalEulerAnglesHint: {x: 0, y: 0, z: 0}
--- !u!1 &6523673300782151489
GameObject:
  m_ObjectHideFlags: 0
  m_CorrespondingSourceObject: {fileID: 0}
  m_PrefabInstance: {fileID: 0}
  m_PrefabAsset: {fileID: 0}
  serializedVersion: 6
  m_Component:
  - component: {fileID: 1087334004100536969}
  m_Layer: 7
  m_Name: bn_Human_RForearm
  m_TagString: Untagged
  m_Icon: {fileID: 0}
  m_NavMeshLayer: 0
  m_StaticEditorFlags: 0
  m_IsActive: 1
--- !u!4 &1087334004100536969
Transform:
  m_ObjectHideFlags: 0
  m_CorrespondingSourceObject: {fileID: 0}
  m_PrefabInstance: {fileID: 0}
  m_PrefabAsset: {fileID: 0}
  m_GameObject: {fileID: 6523673300782151489}
  m_LocalRotation: {x: -0.026450112, y: -0.1187305, z: -0.029600207, w: 0.9921327}
  m_LocalPosition: {x: -0.11779892, y: 0.00000021457672, z: -0.00000125885}
  m_LocalScale: {x: 1.000007, y: 1, z: 0.999993}
  m_Children:
  - {fileID: 4403184866705041413}
  m_Father: {fileID: 5604655228147269710}
  m_RootOrder: 0
  m_LocalEulerAnglesHint: {x: 0, y: 0, z: 0}
--- !u!1 &6761149290662890598
GameObject:
  m_ObjectHideFlags: 0
  m_CorrespondingSourceObject: {fileID: 0}
  m_PrefabInstance: {fileID: 0}
  m_PrefabAsset: {fileID: 0}
  serializedVersion: 6
  m_Component:
  - component: {fileID: 3516541724912340392}
  m_Layer: 7
  m_Name: bn_Human_LUpperarm
  m_TagString: Untagged
  m_Icon: {fileID: 0}
  m_NavMeshLayer: 0
  m_StaticEditorFlags: 0
  m_IsActive: 1
--- !u!4 &3516541724912340392
Transform:
  m_ObjectHideFlags: 0
  m_CorrespondingSourceObject: {fileID: 0}
  m_PrefabInstance: {fileID: 0}
  m_PrefabAsset: {fileID: 0}
  m_GameObject: {fileID: 6761149290662890598}
  m_LocalRotation: {x: 0.06852801, y: 0.4956849, z: 0.0080821235, w: 0.8657569}
  m_LocalPosition: {x: -0.066514395, y: -0.000000021457671, z: 0.00000015258789}
  m_LocalScale: {x: 1.000001, y: 1, z: 0.999999}
  m_Children:
  - {fileID: 5999394441037465915}
  m_Father: {fileID: 3020366257820224024}
  m_RootOrder: 0
  m_LocalEulerAnglesHint: {x: 0, y: 0, z: 0}
--- !u!1 &7585891534482064735
GameObject:
  m_ObjectHideFlags: 0
  m_CorrespondingSourceObject: {fileID: 0}
  m_PrefabInstance: {fileID: 0}
  m_PrefabAsset: {fileID: 0}
  serializedVersion: 6
  m_Component:
  - component: {fileID: 4836831373187618717}
  m_Layer: 7
  m_Name: bn_Human_RFinger1
  m_TagString: Untagged
  m_Icon: {fileID: 0}
  m_NavMeshLayer: 0
  m_StaticEditorFlags: 0
  m_IsActive: 1
--- !u!4 &4836831373187618717
Transform:
  m_ObjectHideFlags: 0
  m_CorrespondingSourceObject: {fileID: 0}
  m_PrefabInstance: {fileID: 0}
  m_PrefabAsset: {fileID: 0}
  m_GameObject: {fileID: 7585891534482064735}
  m_LocalRotation: {x: -0.020594735, y: -0.0021367564, z: 0.24331866, w: 0.96972543}
  m_LocalPosition: {x: -0.056213148, y: -0.0000010490418, z: -0.00000035762787}
  m_LocalScale: {x: 1.00002, y: 0.99998, z: 1}
  m_Children: []
  m_Father: {fileID: 4403184866705041413}
  m_RootOrder: 0
  m_LocalEulerAnglesHint: {x: 0, y: 0, z: 0}
--- !u!1 &8037845457322447069
GameObject:
  m_ObjectHideFlags: 0
  m_CorrespondingSourceObject: {fileID: 0}
  m_PrefabInstance: {fileID: 0}
  m_PrefabAsset: {fileID: 0}
  serializedVersion: 6
  m_Component:
  - component: {fileID: 4238716879430347215}
  m_Layer: 7
  m_Name: bn_Human_RFinger2
  m_TagString: Untagged
  m_Icon: {fileID: 0}
  m_NavMeshLayer: 0
  m_StaticEditorFlags: 0
  m_IsActive: 1
--- !u!4 &4238716879430347215
Transform:
  m_ObjectHideFlags: 0
  m_CorrespondingSourceObject: {fileID: 0}
  m_PrefabInstance: {fileID: 0}
  m_PrefabAsset: {fileID: 0}
  m_GameObject: {fileID: 8037845457322447069}
  m_LocalRotation: {x: -0.68528193, y: -0.19117375, z: 0.021080658, w: 0.7024222}
  m_LocalPosition: {x: -0.021122703, y: -0.03725319, z: -0.035574984}
  m_LocalScale: {x: 1.00002, y: 0.999998, z: 0.999982}
  m_Children: []
  m_Father: {fileID: 4403184866705041413}
  m_RootOrder: 1
  m_LocalEulerAnglesHint: {x: 0, y: 0, z: 0}
--- !u!1 &8041957840627302119
GameObject:
  m_ObjectHideFlags: 0
  m_CorrespondingSourceObject: {fileID: 0}
  m_PrefabInstance: {fileID: 0}
  m_PrefabAsset: {fileID: 0}
  serializedVersion: 6
  m_Component:
  - component: {fileID: 2820661257213837845}
  m_Layer: 7
  m_Name: bn_Human_RCalf
  m_TagString: Untagged
  m_Icon: {fileID: 0}
  m_NavMeshLayer: 0
  m_StaticEditorFlags: 0
  m_IsActive: 1
--- !u!4 &2820661257213837845
Transform:
  m_ObjectHideFlags: 0
  m_CorrespondingSourceObject: {fileID: 0}
  m_PrefabInstance: {fileID: 0}
  m_PrefabAsset: {fileID: 0}
  m_GameObject: {fileID: 8041957840627302119}
  m_LocalRotation: {x: 0.00047473525, y: 0.0001951023, z: 0.08735942, w: 0.9961767}
  m_LocalPosition: {x: -0.13339731, y: 0.00000018149613, z: 0.000000009536743}
  m_LocalScale: {x: 1, y: 0.999999, z: 1}
  m_Children:
  - {fileID: 1357086633564550453}
  m_Father: {fileID: 4891737286171923673}
  m_RootOrder: 0
  m_LocalEulerAnglesHint: {x: 0, y: 0, z: 0}
--- !u!1 &8659659641172756256
GameObject:
  m_ObjectHideFlags: 0
  m_CorrespondingSourceObject: {fileID: 0}
  m_PrefabInstance: {fileID: 0}
  m_PrefabAsset: {fileID: 0}
  serializedVersion: 6
  m_Component:
  - component: {fileID: 3020366257820224024}
  m_Layer: 7
  m_Name: bn_Human_LCollarbone
  m_TagString: Untagged
  m_Icon: {fileID: 0}
  m_NavMeshLayer: 0
  m_StaticEditorFlags: 0
  m_IsActive: 1
--- !u!4 &3020366257820224024
Transform:
  m_ObjectHideFlags: 0
  m_CorrespondingSourceObject: {fileID: 0}
  m_PrefabInstance: {fileID: 0}
  m_PrefabAsset: {fileID: 0}
  m_GameObject: {fileID: 8659659641172756256}
  m_LocalRotation: {x: -0.018415237, y: 0.6739919, z: 0.021801999, w: 0.7381873}
  m_LocalPosition: {x: 0.012686996, y: 0.0008158898, z: 0.011058105}
  m_LocalScale: {x: 1, y: 1, z: 1}
  m_Children:
  - {fileID: 3516541724912340392}
  m_Father: {fileID: 4939921394149713677}
  m_RootOrder: 0
  m_LocalEulerAnglesHint: {x: 0, y: 0, z: 0}
--- !u!1 &8683414823974581276
GameObject:
  m_ObjectHideFlags: 0
  m_CorrespondingSourceObject: {fileID: 0}
  m_PrefabInstance: {fileID: 0}
  m_PrefabAsset: {fileID: 0}
  serializedVersion: 6
  m_Component:
  - component: {fileID: 8988810490405959086}
  m_Layer: 7
  m_Name: bn_Human_LPalm
  m_TagString: Untagged
  m_Icon: {fileID: 0}
  m_NavMeshLayer: 0
  m_StaticEditorFlags: 0
  m_IsActive: 1
--- !u!4 &8988810490405959086
Transform:
  m_ObjectHideFlags: 0
  m_CorrespondingSourceObject: {fileID: 0}
  m_PrefabInstance: {fileID: 0}
  m_PrefabAsset: {fileID: 0}
  m_GameObject: {fileID: 8683414823974581276}
  m_LocalRotation: {x: -0.67283976, y: 0.000042353502, z: 0.017004, w: 0.73959285}
  m_LocalPosition: {x: -0.11211383, y: 0.0000004005432, z: 0.0000023269654}
  m_LocalScale: {x: 1.00001, y: 0.99999, z: 1}
  m_Children:
  - {fileID: 7759989070677348341}
  - {fileID: 8073783612291275372}
  m_Father: {fileID: 5999394441037465915}
  m_RootOrder: 0
  m_LocalEulerAnglesHint: {x: 0, y: 0, z: 0}
--- !u!1 &9148816373461631099
GameObject:
  m_ObjectHideFlags: 0
  m_CorrespondingSourceObject: {fileID: 0}
  m_PrefabInstance: {fileID: 0}
  m_PrefabAsset: {fileID: 0}
  serializedVersion: 6
  m_Component:
  - component: {fileID: 7759989070677348341}
  m_Layer: 7
  m_Name: bn_Human_LFinger1
  m_TagString: Untagged
  m_Icon: {fileID: 0}
  m_NavMeshLayer: 0
  m_StaticEditorFlags: 0
  m_IsActive: 1
--- !u!4 &7759989070677348341
Transform:
  m_ObjectHideFlags: 0
  m_CorrespondingSourceObject: {fileID: 0}
  m_PrefabInstance: {fileID: 0}
  m_PrefabAsset: {fileID: 0}
  m_GameObject: {fileID: 9148816373461631099}
  m_LocalRotation: {x: 0.020594992, y: 0.002136361, z: 0.24332306, w: 0.9697243}
  m_LocalPosition: {x: -0.056213148, y: -0.0000010871887, z: 0.00000031948088}
  m_LocalScale: {x: 1.000022, y: 0.999978, z: 1}
  m_Children: []
  m_Father: {fileID: 8988810490405959086}
  m_RootOrder: 0
  m_LocalEulerAnglesHint: {x: 0, y: 0, z: 0}
