%YAML 1.1
%TAG !u! tag:unity3d.com,2011:
--- !u!1 &117364896962401457
GameObject:
  m_ObjectHideFlags: 0
  m_CorrespondingSourceObject: {fileID: 0}
  m_PrefabInstance: {fileID: 0}
  m_PrefabAsset: {fileID: 0}
  serializedVersion: 6
  m_Component:
  - component: {fileID: 709797643773173254}
  m_Layer: 7
  m_Name: bn_Human_LFoot
  m_TagString: Untagged
  m_Icon: {fileID: 0}
  m_NavMeshLayer: 0
  m_StaticEditorFlags: 0
  m_IsActive: 1
--- !u!4 &709797643773173254
Transform:
  m_ObjectHideFlags: 0
  m_CorrespondingSourceObject: {fileID: 0}
  m_PrefabInstance: {fileID: 0}
  m_PrefabAsset: {fileID: 0}
  m_GameObject: {fileID: 117364896962401457}
  m_LocalRotation: {x: 0.00017796665, y: 0.0020491555, z: -0.70783806, w: 0.70637184}
  m_LocalPosition: {x: -0.12790234, y: 0.0000000047683715, z: 0.0000000047683715}
  m_LocalScale: {x: 1.000002, y: 0.999998, z: 1}
  m_Children:
  - {fileID: 6599938728486540447}
  m_Father: {fileID: 1566230802600393102}
  m_RootOrder: 0
  m_LocalEulerAnglesHint: {x: 0, y: 0, z: 0}
--- !u!1 &812507755746894062
GameObject:
  m_ObjectHideFlags: 0
  m_CorrespondingSourceObject: {fileID: 0}
  m_PrefabInstance: {fileID: 0}
  m_PrefabAsset: {fileID: 0}
  serializedVersion: 6
  m_Component:
  - component: {fileID: 8811818464781018052}
  m_Layer: 7
  m_Name: bn_Human_RPalm
  m_TagString: Untagged
  m_Icon: {fileID: 0}
  m_NavMeshLayer: 0
  m_StaticEditorFlags: 0
  m_IsActive: 1
--- !u!4 &8811818464781018052
Transform:
  m_ObjectHideFlags: 0
  m_CorrespondingSourceObject: {fileID: 0}
  m_PrefabInstance: {fileID: 0}
  m_PrefabAsset: {fileID: 0}
  m_GameObject: {fileID: 812507755746894062}
  m_LocalRotation: {x: 0.6728394, y: -0.000033791184, z: 0.016998667, w: 0.73959327}
  m_LocalPosition: {x: -0.112112865, y: 0, z: 0}
  m_LocalScale: {x: 1.000013, y: 0.999991, z: 0.999997}
  m_Children:
  - {fileID: 310044667846876252}
  - {fileID: 9043348933668086286}
  m_Father: {fileID: 5207397012865667400}
  m_RootOrder: 0
  m_LocalEulerAnglesHint: {x: 0, y: 0, z: 0}
--- !u!1 &845894776584515226
GameObject:
  m_ObjectHideFlags: 0
  m_CorrespondingSourceObject: {fileID: 0}
  m_PrefabInstance: {fileID: 0}
  m_PrefabAsset: {fileID: 0}
  serializedVersion: 6
  m_Component:
  - component: {fileID: 337891324778503960}
  m_Layer: 7
  m_Name: bn_Human_RThigh
  m_TagString: Untagged
  m_Icon: {fileID: 0}
  m_NavMeshLayer: 0
  m_StaticEditorFlags: 0
  m_IsActive: 1
--- !u!4 &337891324778503960
Transform:
  m_ObjectHideFlags: 0
  m_CorrespondingSourceObject: {fileID: 0}
  m_PrefabInstance: {fileID: 0}
  m_PrefabAsset: {fileID: 0}
  m_GameObject: {fileID: 845894776584515226}
  m_LocalRotation: {x: 0.01764572, y: 0.9998427, z: -0.00069897744, w: -0.0016792474}
  m_LocalPosition: {x: 0.007260036, y: 0.01843472, z: -0.056619152}
  m_LocalScale: {x: 1, y: 1, z: 1}
  m_Children:
  - {fileID: 6951199381968406996}
  m_Father: {fileID: 3754862633950234524}
  m_RootOrder: 1
  m_LocalEulerAnglesHint: {x: 0, y: 0, z: 0}
--- !u!1 &931122209455956505
GameObject:
  m_ObjectHideFlags: 0
  m_CorrespondingSourceObject: {fileID: 0}
  m_PrefabInstance: {fileID: 0}
  m_PrefabAsset: {fileID: 0}
  serializedVersion: 6
  m_Component:
  - component: {fileID: 4230950910300229642}
  - component: {fileID: -2453599280814842749}
  m_Layer: 7
  m_Name: feet_01
  m_TagString: Untagged
  m_Icon: {fileID: 0}
  m_NavMeshLayer: 0
  m_StaticEditorFlags: 0
  m_IsActive: 1
--- !u!4 &4230950910300229642
Transform:
  m_ObjectHideFlags: 0
  m_CorrespondingSourceObject: {fileID: 0}
  m_PrefabInstance: {fileID: 0}
  m_PrefabAsset: {fileID: 0}
  m_GameObject: {fileID: 931122209455956505}
  m_LocalRotation: {x: 0, y: 0, z: 0, w: 1}
  m_LocalPosition: {x: 0, y: 0, z: 0}
  m_LocalScale: {x: 1, y: 1, z: 1}
  m_Children:
  - {fileID: 7690481401886359893}
  - {fileID: 3754862633950234524}
  - {fileID: 5869061481129272649}
  - {fileID: 3065737737263784520}
  - {fileID: 1403762122688697706}
  m_Father: {fileID: 0}
  m_RootOrder: 0
  m_LocalEulerAnglesHint: {x: 0, y: 0, z: 0}
--- !u!114 &-2453599280814842749
MonoBehaviour:
  m_ObjectHideFlags: 0
  m_CorrespondingSourceObject: {fileID: 0}
  m_PrefabInstance: {fileID: 0}
  m_PrefabAsset: {fileID: 0}
  m_GameObject: {fileID: 931122209455956505}
  m_Enabled: 1
  m_EditorHideFlags: 0
  m_Script: {fileID: 11500000, guid: dcc6e4071f8e1d244aef76310bfb12ec, type: 3}
  m_Name: 
  m_EditorClassIdentifier: 
  rendererId: FEET
--- !u!1 &1009982539678288713
GameObject:
  m_ObjectHideFlags: 0
  m_CorrespondingSourceObject: {fileID: 0}
  m_PrefabInstance: {fileID: 0}
  m_PrefabAsset: {fileID: 0}
  serializedVersion: 6
  m_Component:
  - component: {fileID: 7235402083987370692}
  m_Layer: 7
  m_Name: bn_Human_Head
  m_TagString: Untagged
  m_Icon: {fileID: 0}
  m_NavMeshLayer: 0
  m_StaticEditorFlags: 0
  m_IsActive: 1
--- !u!4 &7235402083987370692
Transform:
  m_ObjectHideFlags: 0
  m_CorrespondingSourceObject: {fileID: 0}
  m_PrefabInstance: {fileID: 0}
  m_PrefabAsset: {fileID: 0}
  m_GameObject: {fileID: 1009982539678288713}
  m_LocalRotation: {x: -3.5606557e-10, y: -0.000000064672385, z: 0.014455078, w: 0.9998955}
  m_LocalPosition: {x: -0.09828804, y: 0.0000000023841857, z: 3.6379787e-14}
  m_LocalScale: {x: 0.999998, y: 1.000002, z: 1}
  m_Children: []
  m_Father: {fileID: 2671427535824908514}
  m_RootOrder: 0
  m_LocalEulerAnglesHint: {x: 0, y: 0, z: 0}
--- !u!1 &1043653364032993248
GameObject:
  m_ObjectHideFlags: 0
  m_CorrespondingSourceObject: {fileID: 0}
  m_PrefabInstance: {fileID: 0}
  m_PrefabAsset: {fileID: 0}
  serializedVersion: 6
  m_Component:
  - component: {fileID: 1445864453960205050}
  m_Layer: 7
  m_Name: bn_Human_LForearm
  m_TagString: Untagged
  m_Icon: {fileID: 0}
  m_NavMeshLayer: 0
  m_StaticEditorFlags: 0
  m_IsActive: 1
--- !u!4 &1445864453960205050
Transform:
  m_ObjectHideFlags: 0
  m_CorrespondingSourceObject: {fileID: 0}
  m_PrefabInstance: {fileID: 0}
  m_PrefabAsset: {fileID: 0}
  m_GameObject: {fileID: 1043653364032993248}
  m_LocalRotation: {x: 0.026449438, y: 0.11872367, z: -0.029598692, w: 0.9921336}
  m_LocalPosition: {x: -0.11779888, y: -0.0000000047683715, z: 0}
  m_LocalScale: {x: 1.000004, y: 1, z: 0.999996}
  m_Children:
  - {fileID: 4317884409998474863}
  m_Father: {fileID: 8619849466329499241}
  m_RootOrder: 0
  m_LocalEulerAnglesHint: {x: 0, y: 0, z: 0}
--- !u!1 &1663133341362331583
GameObject:
  m_ObjectHideFlags: 0
  m_CorrespondingSourceObject: {fileID: 0}
  m_PrefabInstance: {fileID: 0}
  m_PrefabAsset: {fileID: 0}
  serializedVersion: 6
  m_Component:
  - component: {fileID: 6599938728486540447}
  m_Layer: 7
  m_Name: bn_Human_LToe1
  m_TagString: Untagged
  m_Icon: {fileID: 0}
  m_NavMeshLayer: 0
  m_StaticEditorFlags: 0
  m_IsActive: 1
--- !u!4 &6599938728486540447
Transform:
  m_ObjectHideFlags: 0
  m_CorrespondingSourceObject: {fileID: 0}
  m_PrefabInstance: {fileID: 0}
  m_PrefabAsset: {fileID: 0}
  m_GameObject: {fileID: 1663133341362331583}
  m_LocalRotation: {x: -0.00014878993, y: -0.00011357498, z: -0.10232302, w: 0.9947512}
  m_LocalPosition: {x: -0.04679096, y: 0, z: 0}
  m_LocalScale: {x: 1, y: 1, z: 1}
  m_Children: []
  m_Father: {fileID: 709797643773173254}
  m_RootOrder: 0
  m_LocalEulerAnglesHint: {x: 0, y: 0, z: 0}
--- !u!1 &1911481239740401575
GameObject:
  m_ObjectHideFlags: 0
  m_CorrespondingSourceObject: {fileID: 0}
  m_PrefabInstance: {fileID: 0}
  m_PrefabAsset: {fileID: 0}
  serializedVersion: 6
  m_Component:
  - component: {fileID: 8619849466329499241}
  m_Layer: 7
  m_Name: bn_Human_LUpperarm
  m_TagString: Untagged
  m_Icon: {fileID: 0}
  m_NavMeshLayer: 0
  m_StaticEditorFlags: 0
  m_IsActive: 1
--- !u!4 &8619849466329499241
Transform:
  m_ObjectHideFlags: 0
  m_CorrespondingSourceObject: {fileID: 0}
  m_PrefabInstance: {fileID: 0}
  m_PrefabAsset: {fileID: 0}
  m_GameObject: {fileID: 1911481239740401575}
  m_LocalRotation: {x: 0.068519674, y: 0.49568582, z: 0.008087378, w: 0.86575705}
  m_LocalPosition: {x: -0.0665144, y: -0.0000000023841857, z: -0.000000038146972}
  m_LocalScale: {x: 1.000002, y: 1, z: 0.999998}
  m_Children:
  - {fileID: 1445864453960205050}
  m_Father: {fileID: 7978373450025075161}
  m_RootOrder: 0
  m_LocalEulerAnglesHint: {x: 0, y: 0, z: 0}
--- !u!1 &2084550498958735476
GameObject:
  m_ObjectHideFlags: 0
  m_CorrespondingSourceObject: {fileID: 0}
  m_PrefabInstance: {fileID: 0}
  m_PrefabAsset: {fileID: 0}
  serializedVersion: 6
  m_Component:
  - component: {fileID: 3065737737263784520}
  - component: {fileID: 1217542757939341446}
  m_Layer: 7
  m_Name: idlelife_char_shoes_1
  m_TagString: Untagged
  m_Icon: {fileID: 0}
  m_NavMeshLayer: 0
  m_StaticEditorFlags: 0
  m_IsActive: 1
--- !u!4 &3065737737263784520
Transform:
  m_ObjectHideFlags: 0
  m_CorrespondingSourceObject: {fileID: 0}
  m_PrefabInstance: {fileID: 0}
  m_PrefabAsset: {fileID: 0}
  m_GameObject: {fileID: 2084550498958735476}
  m_LocalRotation: {x: 0.00000008146034, y: 0, z: -0, w: 1}
  m_LocalPosition: {x: -0, y: -0.00013191222, z: 0}
  m_LocalScale: {x: 1, y: 1, z: 1}
  m_Children: []
  m_Father: {fileID: 4230950910300229642}
  m_RootOrder: 3
  m_LocalEulerAnglesHint: {x: 0, y: 0, z: 0}
--- !u!137 &1217542757939341446
SkinnedMeshRenderer:
  m_ObjectHideFlags: 0
  m_CorrespondingSourceObject: {fileID: 0}
  m_PrefabInstance: {fileID: 0}
  m_PrefabAsset: {fileID: 0}
  m_GameObject: {fileID: 2084550498958735476}
  m_Enabled: 1
  m_CastShadows: 1
  m_ReceiveShadows: 1
  m_DynamicOccludee: 1
  m_MotionVectors: 1
  m_LightProbeUsage: 1
  m_ReflectionProbeUsage: 1
  m_RayTracingMode: 3
  m_RayTraceProcedural: 0
  m_RenderingLayerMask: 1
  m_RendererPriority: 0
  m_Materials:
  - {fileID: 2100000, guid: 676b5d23f2997784396510ccb8f0fac9, type: 2}
  m_StaticBatchInfo:
    firstSubMesh: 0
    subMeshCount: 0
  m_StaticBatchRoot: {fileID: 0}
  m_ProbeAnchor: {fileID: 0}
  m_LightProbeVolumeOverride: {fileID: 0}
  m_ScaleInLightmap: 1
  m_ReceiveGI: 1
  m_PreserveUVs: 0
  m_IgnoreNormalsForChartDetection: 0
  m_ImportantGI: 0
  m_StitchLightmapSeams: 1
  m_SelectedEditorRenderState: 3
  m_MinimumChartSize: 4
  m_AutoUVMaxDistance: 0.5
  m_AutoUVMaxAngle: 89
  m_LightmapParameters: {fileID: 0}
  m_SortingLayerID: 0
  m_SortingLayer: 0
  m_SortingOrder: 0
  serializedVersion: 2
  m_Quality: 0
  m_UpdateWhenOffscreen: 0
  m_SkinnedMotionVectors: 1
  m_Mesh: {fileID: 120117178175352050, guid: b805cc618ca6e184294b7a7d035ba17b, type: 3}
  m_Bones:
  - {fileID: 6163114930491883252}
  - {fileID: 6538819310661636610}
  - {fileID: 709797643773173254}
  - {fileID: 6599938728486540447}
  m_BlendShapeWeights: []
  m_RootBone: {fileID: 709797643773173254}
  m_AABB:
    m_Center: {x: -0.037067756, y: 0.0022828346, z: 0.057451922}
    m_Extent: {x: 0.06618732, y: 0.029642977, z: 0.08613771}
  m_DirtyAABB: 0
--- !u!1 &2151068295703673984
GameObject:
  m_ObjectHideFlags: 0
  m_CorrespondingSourceObject: {fileID: 0}
  m_PrefabInstance: {fileID: 0}
  m_PrefabAsset: {fileID: 0}
  serializedVersion: 6
  m_Component:
  - component: {fileID: 5207397012865667400}
  m_Layer: 7
  m_Name: bn_Human_RForearm
  m_TagString: Untagged
  m_Icon: {fileID: 0}
  m_NavMeshLayer: 0
  m_StaticEditorFlags: 0
  m_IsActive: 1
--- !u!4 &5207397012865667400
Transform:
  m_ObjectHideFlags: 0
  m_CorrespondingSourceObject: {fileID: 0}
  m_PrefabInstance: {fileID: 0}
  m_PrefabAsset: {fileID: 0}
  m_GameObject: {fileID: 2151068295703673984}
  m_LocalRotation: {x: -0.026449358, y: -0.118723325, z: -0.029598637, w: 0.9921336}
  m_LocalPosition: {x: -0.11779886, y: 0, z: 0}
  m_LocalScale: {x: 1.000004, y: 1, z: 0.999996}
  m_Children:
  - {fileID: 8811818464781018052}
  m_Father: {fileID: 762554497419791247}
  m_RootOrder: 0
  m_LocalEulerAnglesHint: {x: 0, y: 0, z: 0}
--- !u!1 &2277098330403968152
GameObject:
  m_ObjectHideFlags: 0
  m_CorrespondingSourceObject: {fileID: 0}
  m_PrefabInstance: {fileID: 0}
  m_PrefabAsset: {fileID: 0}
  serializedVersion: 6
  m_Component:
  - component: {fileID: 3754862633950234524}
  m_Layer: 7
  m_Name: bn_Human_Pelvis
  m_TagString: Untagged
  m_Icon: {fileID: 0}
  m_NavMeshLayer: 0
  m_StaticEditorFlags: 0
  m_IsActive: 1
--- !u!4 &3754862633950234524
Transform:
  m_ObjectHideFlags: 0
  m_CorrespondingSourceObject: {fileID: 0}
  m_PrefabInstance: {fileID: 0}
  m_PrefabAsset: {fileID: 0}
  m_GameObject: {fileID: 2277098330403968152}
  m_LocalRotation: {x: 0.49912268, y: -0.50086725, z: -0.49913114, w: 0.5008759}
  m_LocalPosition: {x: -1.420706e-10, y: 0.28790036, z: -0.0115844915}
  m_LocalScale: {x: 1, y: 1, z: 1}
  m_Children:
  - {fileID: 1582319469976666915}
  - {fileID: 337891324778503960}
  - {fileID: 956342098949970084}
  m_Father: {fileID: 4230950910300229642}
  m_RootOrder: 1
  m_LocalEulerAnglesHint: {x: 0, y: 0, z: 0}
--- !u!1 &2938697120394622246
GameObject:
  m_ObjectHideFlags: 0
  m_CorrespondingSourceObject: {fileID: 0}
  m_PrefabInstance: {fileID: 0}
  m_PrefabAsset: {fileID: 0}
  serializedVersion: 6
  m_Component:
  - component: {fileID: 6951199381968406996}
  m_Layer: 7
  m_Name: bn_Human_RCalf
  m_TagString: Untagged
  m_Icon: {fileID: 0}
  m_NavMeshLayer: 0
  m_StaticEditorFlags: 0
  m_IsActive: 1
--- !u!4 &6951199381968406996
Transform:
  m_ObjectHideFlags: 0
  m_CorrespondingSourceObject: {fileID: 0}
  m_PrefabInstance: {fileID: 0}
  m_PrefabAsset: {fileID: 0}
  m_GameObject: {fileID: 2938697120394622246}
  m_LocalRotation: {x: 0.0004894339, y: 0.00002814835, z: 0.08730603, w: 0.9961814}
  m_LocalPosition: {x: -0.13339727, y: 0.00000018149613, z: -0.000000014305114}
  m_LocalScale: {x: 0.999998, y: 1.000003, z: 1}
  m_Children:
  - {fileID: 6163114930491883252}
  m_Father: {fileID: 337891324778503960}
  m_RootOrder: 0
  m_LocalEulerAnglesHint: {x: 0, y: 0, z: 0}
--- !u!1 &2944992009588661020
GameObject:
  m_ObjectHideFlags: 0
  m_CorrespondingSourceObject: {fileID: 0}
  m_PrefabInstance: {fileID: 0}
  m_PrefabAsset: {fileID: 0}
  serializedVersion: 6
  m_Component:
  - component: {fileID: 9043348933668086286}
  m_Layer: 7
  m_Name: bn_Human_RFinger2
  m_TagString: Untagged
  m_Icon: {fileID: 0}
  m_NavMeshLayer: 0
  m_StaticEditorFlags: 0
  m_IsActive: 1
--- !u!4 &9043348933668086286
Transform:
  m_ObjectHideFlags: 0
  m_CorrespondingSourceObject: {fileID: 0}
  m_PrefabInstance: {fileID: 0}
  m_PrefabAsset: {fileID: 0}
  m_GameObject: {fileID: 2944992009588661020}
  m_LocalRotation: {x: -0.68528086, y: -0.1911742, z: 0.021079665, w: 0.70242316}
  m_LocalPosition: {x: -0.021121845, y: -0.03725313, z: -0.035574473}
  m_LocalScale: {x: 1.000016, y: 0.99999, z: 0.999995}
  m_Children: []
  m_Father: {fileID: 8811818464781018052}
  m_RootOrder: 1
  m_LocalEulerAnglesHint: {x: 0, y: 0, z: 0}
--- !u!1 &3320313266213097118
GameObject:
  m_ObjectHideFlags: 0
  m_CorrespondingSourceObject: {fileID: 0}
  m_PrefabInstance: {fileID: 0}
  m_PrefabAsset: {fileID: 0}
  serializedVersion: 6
  m_Component:
  - component: {fileID: 310044667846876252}
  m_Layer: 7
  m_Name: bn_Human_RFinger1
  m_TagString: Untagged
  m_Icon: {fileID: 0}
  m_NavMeshLayer: 0
  m_StaticEditorFlags: 0
  m_IsActive: 1
--- !u!4 &310044667846876252
Transform:
  m_ObjectHideFlags: 0
  m_CorrespondingSourceObject: {fileID: 0}
  m_PrefabInstance: {fileID: 0}
  m_PrefabAsset: {fileID: 0}
  m_GameObject: {fileID: 3320313266213097118}
  m_LocalRotation: {x: -0.020593386, y: -0.0021335133, z: 0.24332286, w: 0.9697244}
  m_LocalPosition: {x: -0.05621336, y: 0, z: 0.0000000047683715}
  m_LocalScale: {x: 1.000019, y: 0.999983, z: 1}
  m_Children: []
  m_Father: {fileID: 8811818464781018052}
  m_RootOrder: 0
  m_LocalEulerAnglesHint: {x: 0, y: 0, z: 0}
--- !u!1 &4153936782051838906
GameObject:
  m_ObjectHideFlags: 0
  m_CorrespondingSourceObject: {fileID: 0}
  m_PrefabInstance: {fileID: 0}
  m_PrefabAsset: {fileID: 0}
  serializedVersion: 6
  m_Component:
  - component: {fileID: 3234599967351325748}
  m_Layer: 7
  m_Name: bn_Human_LFinger1
  m_TagString: Untagged
  m_Icon: {fileID: 0}
  m_NavMeshLayer: 0
  m_StaticEditorFlags: 0
  m_IsActive: 1
--- !u!4 &3234599967351325748
Transform:
  m_ObjectHideFlags: 0
  m_CorrespondingSourceObject: {fileID: 0}
  m_PrefabInstance: {fileID: 0}
  m_PrefabAsset: {fileID: 0}
  m_GameObject: {fileID: 4153936782051838906}
  m_LocalRotation: {x: 0.020593388, y: 0.0021337094, z: 0.24332766, w: 0.96972317}
  m_LocalPosition: {x: -0.05621332, y: 0, z: 0}
  m_LocalScale: {x: 1.000019, y: 0.999982, z: 0.999999}
  m_Children: []
  m_Father: {fileID: 4317884409998474863}
  m_RootOrder: 0
  m_LocalEulerAnglesHint: {x: 0, y: 0, z: 0}
--- !u!1 &4575610948994714849
GameObject:
  m_ObjectHideFlags: 0
  m_CorrespondingSourceObject: {fileID: 0}
  m_PrefabInstance: {fileID: 0}
  m_PrefabAsset: {fileID: 0}
  serializedVersion: 6
  m_Component:
  - component: {fileID: 7978373450025075161}
  m_Layer: 7
  m_Name: bn_Human_LCollarbone
  m_TagString: Untagged
  m_Icon: {fileID: 0}
  m_NavMeshLayer: 0
  m_StaticEditorFlags: 0
  m_IsActive: 1
--- !u!4 &7978373450025075161
Transform:
  m_ObjectHideFlags: 0
  m_CorrespondingSourceObject: {fileID: 0}
  m_PrefabInstance: {fileID: 0}
  m_PrefabAsset: {fileID: 0}
  m_GameObject: {fileID: 4575610948994714849}
  m_LocalRotation: {x: -0.018414387, y: 0.67399144, z: 0.021801122, w: 0.7381878}
  m_LocalPosition: {x: 0.012687034, y: 0.0008158922, z: 0.011058106}
  m_LocalScale: {x: 1.000002, y: 1, z: 0.999998}
  m_Children:
  - {fileID: 8619849466329499241}
  m_Father: {fileID: 278307487762951372}
  m_RootOrder: 0
  m_LocalEulerAnglesHint: {x: 0, y: 0, z: 0}
--- !u!1 &4599073232153870301
GameObject:
  m_ObjectHideFlags: 0
  m_CorrespondingSourceObject: {fileID: 0}
  m_PrefabInstance: {fileID: 0}
  m_PrefabAsset: {fileID: 0}
  serializedVersion: 6
  m_Component:
  - component: {fileID: 4317884409998474863}
  m_Layer: 7
  m_Name: bn_Human_LPalm
  m_TagString: Untagged
  m_Icon: {fileID: 0}
  m_NavMeshLayer: 0
  m_StaticEditorFlags: 0
  m_IsActive: 1
--- !u!4 &4317884409998474863
Transform:
  m_ObjectHideFlags: 0
  m_CorrespondingSourceObject: {fileID: 0}
  m_PrefabInstance: {fileID: 0}
  m_PrefabAsset: {fileID: 0}
  m_GameObject: {fileID: 4599073232153870301}
  m_LocalRotation: {x: -0.67283934, y: 0.000033522676, z: 0.016998777, w: 0.7395934}
  m_LocalPosition: {x: -0.11211284, y: 0, z: 0.000000019073486}
  m_LocalScale: {x: 1.000012, y: 0.999993, z: 0.999995}
  m_Children:
  - {fileID: 3234599967351325748}
  - {fileID: 3988298184562151853}
  m_Father: {fileID: 1445864453960205050}
  m_RootOrder: 0
  m_LocalEulerAnglesHint: {x: 0, y: 0, z: 0}
--- !u!1 &5120755292497105704
GameObject:
  m_ObjectHideFlags: 0
  m_CorrespondingSourceObject: {fileID: 0}
  m_PrefabInstance: {fileID: 0}
  m_PrefabAsset: {fileID: 0}
  serializedVersion: 6
  m_Component:
  - component: {fileID: 2671427535824908514}
  m_Layer: 7
  m_Name: bn_Human_Neck
  m_TagString: Untagged
  m_Icon: {fileID: 0}
  m_NavMeshLayer: 0
  m_StaticEditorFlags: 0
  m_IsActive: 1
--- !u!4 &2671427535824908514
Transform:
  m_ObjectHideFlags: 0
  m_CorrespondingSourceObject: {fileID: 0}
  m_PrefabInstance: {fileID: 0}
  m_PrefabAsset: {fileID: 0}
  m_GameObject: {fileID: 5120755292497105704}
  m_LocalRotation: {x: 0.0000000020723343, y: 0.00000008122365, z: 0.012801534, w: 0.9999181}
  m_LocalPosition: {x: -0.018204726, y: -0.0020981084, z: -0.0000000021374944}
  m_LocalScale: {x: 1, y: 0.999999, z: 1}
  m_Children:
  - {fileID: 7235402083987370692}
  m_Father: {fileID: 278307487762951372}
  m_RootOrder: 1
  m_LocalEulerAnglesHint: {x: 0, y: 0, z: 0}
--- !u!1 &5223067456161670394
GameObject:
  m_ObjectHideFlags: 0
  m_CorrespondingSourceObject: {fileID: 0}
  m_PrefabInstance: {fileID: 0}
  m_PrefabAsset: {fileID: 0}
  serializedVersion: 6
  m_Component:
  - component: {fileID: 278307487762951372}
  m_Layer: 7
  m_Name: bn_Human_Ribcage
  m_TagString: Untagged
  m_Icon: {fileID: 0}
  m_NavMeshLayer: 0
  m_StaticEditorFlags: 0
  m_IsActive: 1
--- !u!4 &278307487762951372
Transform:
  m_ObjectHideFlags: 0
  m_CorrespondingSourceObject: {fileID: 0}
  m_PrefabInstance: {fileID: 0}
  m_PrefabAsset: {fileID: 0}
  m_GameObject: {fileID: 5223067456161670394}
  m_LocalRotation: {x: -5.2791815e-10, y: -0.000000049275474, z: 0.0032937478, w: 0.9999946}
  m_LocalPosition: {x: -0.1654697, y: -5.9604643e-10, z: 0}
  m_LocalScale: {x: 1, y: 1, z: 1}
  m_Children:
  - {fileID: 7978373450025075161}
  - {fileID: 2671427535824908514}
  - {fileID: 2923680061431731206}
  m_Father: {fileID: 956342098949970084}
  m_RootOrder: 0
  m_LocalEulerAnglesHint: {x: 0, y: 0, z: 0}
--- !u!1 &5261579684221088027
GameObject:
  m_ObjectHideFlags: 0
  m_CorrespondingSourceObject: {fileID: 0}
  m_PrefabInstance: {fileID: 0}
  m_PrefabAsset: {fileID: 0}
  serializedVersion: 6
  m_Component:
  - component: {fileID: 6538819310661636610}
  m_Layer: 7
  m_Name: bn_Human_RToe1
  m_TagString: Untagged
  m_Icon: {fileID: 0}
  m_NavMeshLayer: 0
  m_StaticEditorFlags: 0
  m_IsActive: 1
--- !u!4 &6538819310661636610
Transform:
  m_ObjectHideFlags: 0
  m_CorrespondingSourceObject: {fileID: 0}
  m_PrefabInstance: {fileID: 0}
  m_PrefabAsset: {fileID: 0}
  m_GameObject: {fileID: 5261579684221088027}
  m_LocalRotation: {x: 0.00010058083, y: 0.00058274367, z: -0.102342024, w: 0.9947491}
  m_LocalPosition: {x: -0.046790957, y: -0.0000000011920929, z: 0}
  m_LocalScale: {x: 1, y: 1, z: 1}
  m_Children: []
  m_Father: {fileID: 6163114930491883252}
  m_RootOrder: 0
  m_LocalEulerAnglesHint: {x: 0, y: 0, z: 0}
--- !u!1 &5866999929666302917
GameObject:
  m_ObjectHideFlags: 0
  m_CorrespondingSourceObject: {fileID: 0}
  m_PrefabInstance: {fileID: 0}
  m_PrefabAsset: {fileID: 0}
  serializedVersion: 6
  m_Component:
  - component: {fileID: 3988298184562151853}
  m_Layer: 7
  m_Name: bn_Human_LFinger2
  m_TagString: Untagged
  m_Icon: {fileID: 0}
  m_NavMeshLayer: 0
  m_StaticEditorFlags: 0
  m_IsActive: 1
--- !u!4 &3988298184562151853
Transform:
  m_ObjectHideFlags: 0
  m_CorrespondingSourceObject: {fileID: 0}
  m_PrefabInstance: {fileID: 0}
  m_PrefabAsset: {fileID: 0}
  m_GameObject: {fileID: 5866999929666302917}
  m_LocalRotation: {x: 0.68528074, y: 0.19117449, z: 0.02107953, w: 0.70242316}
  m_LocalPosition: {x: -0.021121884, y: -0.03725311, z: 0.03557445}
  m_LocalScale: {x: 1.000016, y: 0.999992, z: 0.999992}
  m_Children: []
  m_Father: {fileID: 4317884409998474863}
  m_RootOrder: 1
  m_LocalEulerAnglesHint: {x: 0, y: 0, z: 0}
--- !u!1 &6241059462611837766
GameObject:
  m_ObjectHideFlags: 0
  m_CorrespondingSourceObject: {fileID: 0}
  m_PrefabInstance: {fileID: 0}
  m_PrefabAsset: {fileID: 0}
  serializedVersion: 6
  m_Component:
  - component: {fileID: 762554497419791247}
  m_Layer: 7
  m_Name: bn_Human_RUpperarm
  m_TagString: Untagged
  m_Icon: {fileID: 0}
  m_NavMeshLayer: 0
  m_StaticEditorFlags: 0
  m_IsActive: 1
--- !u!4 &762554497419791247
Transform:
  m_ObjectHideFlags: 0
  m_CorrespondingSourceObject: {fileID: 0}
  m_PrefabInstance: {fileID: 0}
  m_PrefabAsset: {fileID: 0}
  m_GameObject: {fileID: 6241059462611837766}
  m_LocalRotation: {x: -0.068528764, y: -0.49568462, z: 0.008067819, w: 0.86575717}
  m_LocalPosition: {x: -0.066514395, y: -0.0000000047683715, z: 0}
  m_LocalScale: {x: 0.999999, y: 1, z: 1.000001}
  m_Children:
  - {fileID: 5207397012865667400}
  m_Father: {fileID: 2923680061431731206}
  m_RootOrder: 0
  m_LocalEulerAnglesHint: {x: 0, y: 0, z: 0}
--- !u!1 &6356811859169473695
GameObject:
  m_ObjectHideFlags: 0
  m_CorrespondingSourceObject: {fileID: 0}
  m_PrefabInstance: {fileID: 0}
  m_PrefabAsset: {fileID: 0}
  serializedVersion: 6
  m_Component:
  - component: {fileID: 2923680061431731206}
  m_Layer: 7
  m_Name: bn_Human_RCollarbone
  m_TagString: Untagged
  m_Icon: {fileID: 0}
  m_NavMeshLayer: 0
  m_StaticEditorFlags: 0
  m_IsActive: 1
--- !u!4 &2923680061431731206
Transform:
  m_ObjectHideFlags: 0
  m_CorrespondingSourceObject: {fileID: 0}
  m_PrefabInstance: {fileID: 0}
  m_PrefabAsset: {fileID: 0}
  m_GameObject: {fileID: 6356811859169473695}
  m_LocalRotation: {x: 0.018414386, y: -0.6739914, z: 0.021801118, w: 0.73818785}
  m_LocalPosition: {x: 0.012687034, y: 0.0008158898, z: -0.011058101}
  m_LocalScale: {x: 0.999998, y: 1, z: 1.000002}
  m_Children:
  - {fileID: 762554497419791247}
  m_Father: {fileID: 278307487762951372}
  m_RootOrder: 2
  m_LocalEulerAnglesHint: {x: 0, y: 0, z: 0}
--- !u!1 &6376803707831906942
GameObject:
  m_ObjectHideFlags: 0
  m_CorrespondingSourceObject: {fileID: 0}
  m_PrefabInstance: {fileID: 0}
  m_PrefabAsset: {fileID: 0}
  serializedVersion: 6
  m_Component:
  - component: {fileID: 1582319469976666915}
  m_Layer: 7
  m_Name: bn_Human_LThigh
  m_TagString: Untagged
  m_Icon: {fileID: 0}
  m_NavMeshLayer: 0
  m_StaticEditorFlags: 0
  m_IsActive: 1
--- !u!4 &1582319469976666915
Transform:
  m_ObjectHideFlags: 0
  m_CorrespondingSourceObject: {fileID: 0}
  m_PrefabInstance: {fileID: 0}
  m_PrefabAsset: {fileID: 0}
  m_GameObject: {fileID: 6376803707831906942}
  m_LocalRotation: {x: 0.017687729, y: 0.9998421, z: 0.0007116711, w: 0.0015567369}
  m_LocalPosition: {x: 0.007260017, y: 0.01843472, z: 0.05661916}
  m_LocalScale: {x: 1, y: 1, z: 1}
  m_Children:
  - {fileID: 1566230802600393102}
  m_Father: {fileID: 3754862633950234524}
  m_RootOrder: 0
  m_LocalEulerAnglesHint: {x: 0, y: 0, z: 0}
--- !u!1 &7044694204469181500
GameObject:
  m_ObjectHideFlags: 0
  m_CorrespondingSourceObject: {fileID: 0}
  m_PrefabInstance: {fileID: 0}
  m_PrefabAsset: {fileID: 0}
  serializedVersion: 6
  m_Component:
  - component: {fileID: 7690481401886359893}
  m_Layer: 7
  m_Name: bn_Human_LPlatform
  m_TagString: Untagged
  m_Icon: {fileID: 0}
  m_NavMeshLayer: 0
  m_StaticEditorFlags: 0
  m_IsActive: 1
--- !u!4 &7690481401886359893
Transform:
  m_ObjectHideFlags: 0
  m_CorrespondingSourceObject: {fileID: 0}
  m_PrefabInstance: {fileID: 0}
  m_PrefabAsset: {fileID: 0}
  m_GameObject: {fileID: 7044694204469181500}
  m_LocalRotation: {x: 0.50000006, y: -0.4999999, z: -0.49999994, w: 0.5000001}
  m_LocalPosition: {x: -0.0569745, y: -8.781128e-10, z: 0.01924501}
  m_LocalScale: {x: 1, y: 1, z: 1}
  m_Children: []
  m_Father: {fileID: 4230950910300229642}
  m_RootOrder: 0
  m_LocalEulerAnglesHint: {x: 0, y: 0, z: 0}
--- !u!1 &7376013765650500077
GameObject:
  m_ObjectHideFlags: 0
  m_CorrespondingSourceObject: {fileID: 0}
  m_PrefabInstance: {fileID: 0}
  m_PrefabAsset: {fileID: 0}
  serializedVersion: 6
  m_Component:
  - component: {fileID: 5869061481129272649}
  m_Layer: 7
  m_Name: bn_Human_RPlatform
  m_TagString: Untagged
  m_Icon: {fileID: 0}
  m_NavMeshLayer: 0
  m_StaticEditorFlags: 0
  m_IsActive: 1
--- !u!4 &5869061481129272649
Transform:
  m_ObjectHideFlags: 0
  m_CorrespondingSourceObject: {fileID: 0}
  m_PrefabInstance: {fileID: 0}
  m_PrefabAsset: {fileID: 0}
  m_GameObject: {fileID: 7376013765650500077}
  m_LocalRotation: {x: 0.50000006, y: -0.4999999, z: -0.49999994, w: 0.5000001}
  m_LocalPosition: {x: 0.05697449, y: -8.7811575e-10, z: 0.019245025}
  m_LocalScale: {x: 1, y: 1, z: 1}
  m_Children: []
  m_Father: {fileID: 4230950910300229642}
  m_RootOrder: 2
  m_LocalEulerAnglesHint: {x: 0, y: 0, z: 0}
--- !u!1 &7892957216611464495
GameObject:
  m_ObjectHideFlags: 0
  m_CorrespondingSourceObject: {fileID: 0}
  m_PrefabInstance: {fileID: 0}
  m_PrefabAsset: {fileID: 0}
  serializedVersion: 6
  m_Component:
  - component: {fileID: 956342098949970084}
  m_Layer: 7
  m_Name: bn_Human_Spine
  m_TagString: Untagged
  m_Icon: {fileID: 0}
  m_NavMeshLayer: 0
  m_StaticEditorFlags: 0
  m_IsActive: 1
--- !u!4 &956342098949970084
Transform:
  m_ObjectHideFlags: 0
  m_CorrespondingSourceObject: {fileID: 0}
  m_PrefabInstance: {fileID: 0}
  m_PrefabAsset: {fileID: 0}
  m_GameObject: {fileID: 7892957216611464495}
  m_LocalRotation: {x: -0.000010730396, y: 0.00000015132926, z: 0.008121401, w: 0.99996704}
  m_LocalPosition: {x: -0.11628963, y: -0.0013671065, z: -0.00000002407949}
  m_LocalScale: {x: 1, y: 1, z: 1}
  m_Children:
  - {fileID: 278307487762951372}
  m_Father: {fileID: 3754862633950234524}
  m_RootOrder: 2
  m_LocalEulerAnglesHint: {x: 0, y: 0, z: 0}
--- !u!1 &8089377713301887911
GameObject:
  m_ObjectHideFlags: 0
  m_CorrespondingSourceObject: {fileID: 0}
  m_PrefabInstance: {fileID: 0}
  m_PrefabAsset: {fileID: 0}
  serializedVersion: 6
  m_Component:
  - component: {fileID: 1403762122688697706}
  m_Layer: 7
  m_Name: Root
  m_TagString: Untagged
  m_Icon: {fileID: 0}
  m_NavMeshLayer: 0
  m_StaticEditorFlags: 0
  m_IsActive: 1
--- !u!4 &1403762122688697706
Transform:
  m_ObjectHideFlags: 0
  m_CorrespondingSourceObject: {fileID: 0}
  m_PrefabInstance: {fileID: 0}
  m_PrefabAsset: {fileID: 0}
  m_GameObject: {fileID: 8089377713301887911}
  m_LocalRotation: {x: 0.50000006, y: -0.5, z: -0.4999999, w: 0.5}
  m_LocalPosition: {x: -0, y: 0, z: 0}
  m_LocalScale: {x: 1, y: 1, z: 1}
  m_Children: []
  m_Father: {fileID: 4230950910300229642}
  m_RootOrder: 4
  m_LocalEulerAnglesHint: {x: 0, y: 0, z: 0}
--- !u!1 &8744297161382225641
GameObject:
  m_ObjectHideFlags: 0
  m_CorrespondingSourceObject: {fileID: 0}
  m_PrefabInstance: {fileID: 0}
  m_PrefabAsset: {fileID: 0}
  serializedVersion: 6
  m_Component:
  - component: {fileID: 1566230802600393102}
  m_Layer: 7
  m_Name: bn_Human_LCalf
  m_TagString: Untagged
  m_Icon: {fileID: 0}
  m_NavMeshLayer: 0
  m_StaticEditorFlags: 0
  m_IsActive: 1
--- !u!4 &1566230802600393102
Transform:
  m_ObjectHideFlags: 0
  m_CorrespondingSourceObject: {fileID: 0}
  m_PrefabInstance: {fileID: 0}
  m_PrefabAsset: {fileID: 0}
  m_GameObject: {fileID: 8744297161382225641}
  m_LocalRotation: {x: -0.00048064516, y: -0.00013077643, z: 0.08748332, w: 0.9961659}
  m_LocalPosition: {x: -0.13339728, y: 0.00000018060207, z: -0.000000023841856}
  m_LocalScale: {x: 1.000001, y: 0.999999, z: 1}
  m_Children:
  - {fileID: 709797643773173254}
  m_Father: {fileID: 1582319469976666915}
  m_RootOrder: 0
  m_LocalEulerAnglesHint: {x: 0, y: 0, z: 0}
--- !u!1 &9056427679427722945
GameObject:
  m_ObjectHideFlags: 0
  m_CorrespondingSourceObject: {fileID: 0}
  m_PrefabInstance: {fileID: 0}
  m_PrefabAsset: {fileID: 0}
  serializedVersion: 6
  m_Component:
  - component: {fileID: 6163114930491883252}
  m_Layer: 7
  m_Name: bn_Human_RFoot
  m_TagString: Untagged
  m_Icon: {fileID: 0}
  m_NavMeshLayer: 0
  m_StaticEditorFlags: 0
  m_IsActive: 1
--- !u!4 &6163114930491883252
Transform:
  m_ObjectHideFlags: 0
  m_CorrespondingSourceObject: {fileID: 0}
  m_PrefabInstance: {fileID: 0}
  m_PrefabAsset: {fileID: 0}
  m_GameObject: {fileID: 9056427679427722945}
  m_LocalRotation: {x: -0.0005193791, y: -0.002413353, z: -0.70766836, w: 0.70654047}
  m_LocalPosition: {x: -0.12790237, y: 0.0000000023841857, z: 0}
  m_LocalScale: {x: 0.999995, y: 1.000005, z: 1}
  m_Children:
  - {fileID: 6538819310661636610}
  m_Father: {fileID: 6951199381968406996}
  m_RootOrder: 0
  m_LocalEulerAnglesHint: {x: 0, y: 0, z: 0}
