%YAML 1.1
%TAG !u! tag:unity3d.com,2011:
--- !u!1 &330226862520841953
GameObject:
  m_ObjectHideFlags: 0
  m_CorrespondingSourceObject: {fileID: 0}
  m_PrefabInstance: {fileID: 0}
  m_PrefabAsset: {fileID: 0}
  serializedVersion: 6
  m_Component:
  - component: {fileID: 8497537257477798215}
  - component: {fileID: 8299560753558693732}
  m_Layer: 0
  m_Name: Point (10)
  m_TagString: Untagged
  m_Icon: {fileID: 7148428337604731935, guid: 0000000000000000d000000000000000, type: 0}
  m_NavMeshLayer: 0
  m_StaticEditorFlags: 0
  m_IsActive: 1
--- !u!4 &8497537257477798215
Transform:
  m_ObjectHideFlags: 0
  m_CorrespondingSourceObject: {fileID: 0}
  m_PrefabInstance: {fileID: 0}
  m_PrefabAsset: {fileID: 0}
  m_GameObject: {fileID: 330226862520841953}
  m_LocalRotation: {x: -0, y: -0.90790534, z: -0, w: 0.41917533}
  m_LocalPosition: {x: 34.1, y: -3, z: -13.2}
  m_LocalScale: {x: 1, y: 1, z: 1}
  m_Children: []
  m_Father: {fileID: 2471208702973446494}
  m_RootOrder: 10
  m_LocalEulerAnglesHint: {x: 0, y: -130.435, z: 0}
--- !u!114 &8299560753558693732
MonoBehaviour:
  m_ObjectHideFlags: 0
  m_CorrespondingSourceObject: {fileID: 0}
  m_PrefabInstance: {fileID: 0}
  m_PrefabAsset: {fileID: 0}
  m_GameObject: {fileID: 330226862520841953}
  m_Enabled: 1
  m_EditorHideFlags: 0
  m_Script: {fileID: 11500000, guid: 5852f10a92c8139408b4ec2274f5c7a3, type: 3}
  m_Name: 
  m_EditorClassIdentifier: 
  _animationName: idle
  _waitTime: {x: 1, y: 2}
--- !u!1 &452420837865426497
GameObject:
  m_ObjectHideFlags: 0
  m_CorrespondingSourceObject: {fileID: 0}
  m_PrefabInstance: {fileID: 0}
  m_PrefabAsset: {fileID: 0}
  serializedVersion: 6
  m_Component:
  - component: {fileID: 990183480766891530}
  - component: {fileID: 7669143200501487303}
  m_Layer: 0
  m_Name: Point (4)
  m_TagString: Untagged
  m_Icon: {fileID: -5442936267250999957, guid: 0000000000000000d000000000000000, type: 0}
  m_NavMeshLayer: 0
  m_StaticEditorFlags: 0
  m_IsActive: 1
--- !u!4 &990183480766891530
Transform:
  m_ObjectHideFlags: 0
  m_CorrespondingSourceObject: {fileID: 0}
  m_PrefabInstance: {fileID: 0}
  m_PrefabAsset: {fileID: 0}
  m_GameObject: {fileID: 452420837865426497}
  m_LocalRotation: {x: -0, y: -0.90790534, z: -0, w: 0.41917533}
  m_LocalPosition: {x: 30.7, y: -3, z: -4.3}
  m_LocalScale: {x: 1, y: 1, z: 1}
  m_Children: []
  m_Father: {fileID: 4173433331054332423}
  m_RootOrder: 4
  m_LocalEulerAnglesHint: {x: 0, y: -130.435, z: 0}
--- !u!114 &7669143200501487303
MonoBehaviour:
  m_ObjectHideFlags: 0
  m_CorrespondingSourceObject: {fileID: 0}
  m_PrefabInstance: {fileID: 0}
  m_PrefabAsset: {fileID: 0}
  m_GameObject: {fileID: 452420837865426497}
  m_Enabled: 1
  m_EditorHideFlags: 0
  m_Script: {fileID: 11500000, guid: 5852f10a92c8139408b4ec2274f5c7a3, type: 3}
  m_Name: 
  m_EditorClassIdentifier: 
  _animationName: idle
  _waitTime: {x: 0, y: 0}
--- !u!1 &473133348433236212
GameObject:
  m_ObjectHideFlags: 0
  m_CorrespondingSourceObject: {fileID: 0}
  m_PrefabInstance: {fileID: 0}
  m_PrefabAsset: {fileID: 0}
  serializedVersion: 6
  m_Component:
  - component: {fileID: 3349947620333624}
  - component: {fileID: 840781011179435015}
  m_Layer: 0
  m_Name: Point (1)
  m_TagString: Untagged
  m_Icon: {fileID: 7422848464349959988, guid: 0000000000000000d000000000000000, type: 0}
  m_NavMeshLayer: 0
  m_StaticEditorFlags: 0
  m_IsActive: 1
--- !u!4 &3349947620333624
Transform:
  m_ObjectHideFlags: 0
  m_CorrespondingSourceObject: {fileID: 0}
  m_PrefabInstance: {fileID: 0}
  m_PrefabAsset: {fileID: 0}
  m_GameObject: {fileID: 473133348433236212}
  m_LocalRotation: {x: -0, y: -0.9714244, z: -0, w: 0.23734918}
  m_LocalPosition: {x: 44.5, y: -3, z: -16.1}
  m_LocalScale: {x: 1, y: 1, z: 1}
  m_Children: []
  m_Father: {fileID: 2133809599383818132}
  m_RootOrder: 1
  m_LocalEulerAnglesHint: {x: 0, y: -152.54, z: 0}
--- !u!114 &840781011179435015
MonoBehaviour:
  m_ObjectHideFlags: 0
  m_CorrespondingSourceObject: {fileID: 0}
  m_PrefabInstance: {fileID: 0}
  m_PrefabAsset: {fileID: 0}
  m_GameObject: {fileID: 473133348433236212}
  m_Enabled: 1
  m_EditorHideFlags: 0
  m_Script: {fileID: 11500000, guid: 5852f10a92c8139408b4ec2274f5c7a3, type: 3}
  m_Name: 
  m_EditorClassIdentifier: 
  _animationName: idle
  _waitTime: {x: 2, y: 5}
--- !u!1 &1205279714484286587
GameObject:
  m_ObjectHideFlags: 0
  m_CorrespondingSourceObject: {fileID: 0}
  m_PrefabInstance: {fileID: 0}
  m_PrefabAsset: {fileID: 0}
  serializedVersion: 6
  m_Component:
  - component: {fileID: 696007400908931151}
  m_Layer: 0
  m_Name: Vegetation
  m_TagString: Untagged
  m_Icon: {fileID: 0}
  m_NavMeshLayer: 0
  m_StaticEditorFlags: 0
  m_IsActive: 1
--- !u!4 &696007400908931151
Transform:
  m_ObjectHideFlags: 0
  m_CorrespondingSourceObject: {fileID: 0}
  m_PrefabInstance: {fileID: 0}
  m_PrefabAsset: {fileID: 0}
  m_GameObject: {fileID: 1205279714484286587}
  m_LocalRotation: {x: 0, y: 0, z: 0, w: 1}
  m_LocalPosition: {x: 0, y: 0, z: -78.203}
  m_LocalScale: {x: 1, y: 1, z: -1}
  m_Children:
  - {fileID: 78608464293506635}
  - {fileID: 7462694376588801251}
  m_Father: {fileID: 1982194894903881976}
  m_RootOrder: 1
  m_LocalEulerAnglesHint: {x: 0, y: 0, z: 0}
--- !u!1 &1625047515529455283
GameObject:
  m_ObjectHideFlags: 0
  m_CorrespondingSourceObject: {fileID: 0}
  m_PrefabInstance: {fileID: 0}
  m_PrefabAsset: {fileID: 0}
  serializedVersion: 6
  m_Component:
  - component: {fileID: 450571998288135066}
  - component: {fileID: 6662926116418336213}
  m_Layer: 0
  m_Name: Point (5)
  m_TagString: Untagged
  m_Icon: {fileID: 7148428337604731935, guid: 0000000000000000d000000000000000, type: 0}
  m_NavMeshLayer: 0
  m_StaticEditorFlags: 0
  m_IsActive: 1
--- !u!4 &450571998288135066
Transform:
  m_ObjectHideFlags: 0
  m_CorrespondingSourceObject: {fileID: 0}
  m_PrefabInstance: {fileID: 0}
  m_PrefabAsset: {fileID: 0}
  m_GameObject: {fileID: 1625047515529455283}
  m_LocalRotation: {x: -0, y: -0.90790534, z: -0, w: 0.41917533}
  m_LocalPosition: {x: 31.4, y: -3, z: 3}
  m_LocalScale: {x: 1, y: 1, z: 1}
  m_Children: []
  m_Father: {fileID: 2471208702973446494}
  m_RootOrder: 5
  m_LocalEulerAnglesHint: {x: 0, y: -130.435, z: 0}
--- !u!114 &6662926116418336213
MonoBehaviour:
  m_ObjectHideFlags: 0
  m_CorrespondingSourceObject: {fileID: 0}
  m_PrefabInstance: {fileID: 0}
  m_PrefabAsset: {fileID: 0}
  m_GameObject: {fileID: 1625047515529455283}
  m_Enabled: 1
  m_EditorHideFlags: 0
  m_Script: {fileID: 11500000, guid: 5852f10a92c8139408b4ec2274f5c7a3, type: 3}
  m_Name: 
  m_EditorClassIdentifier: 
  _animationName: idle
  _waitTime: {x: 0, y: 0}
--- !u!1 &1722547902807687540
GameObject:
  m_ObjectHideFlags: 0
  m_CorrespondingSourceObject: {fileID: 0}
  m_PrefabInstance: {fileID: 0}
  m_PrefabAsset: {fileID: 0}
  serializedVersion: 6
  m_Component:
  - component: {fileID: 4684698338266114006}
  - component: {fileID: 4156793470578390229}
  m_Layer: 0
  m_Name: Point (11)
  m_TagString: Untagged
  m_Icon: {fileID: -5442936267250999957, guid: 0000000000000000d000000000000000, type: 0}
  m_NavMeshLayer: 0
  m_StaticEditorFlags: 0
  m_IsActive: 1
--- !u!4 &4684698338266114006
Transform:
  m_ObjectHideFlags: 0
  m_CorrespondingSourceObject: {fileID: 0}
  m_PrefabInstance: {fileID: 0}
  m_PrefabAsset: {fileID: 0}
  m_GameObject: {fileID: 1722547902807687540}
  m_LocalRotation: {x: -0, y: -0.90790534, z: -0, w: 0.41917533}
  m_LocalPosition: {x: 30.2, y: -3, z: 6.8}
  m_LocalScale: {x: 1, y: 1, z: 1}
  m_Children: []
  m_Father: {fileID: 4173433331054332423}
  m_RootOrder: 11
  m_LocalEulerAnglesHint: {x: 0, y: -130.435, z: 0}
--- !u!114 &4156793470578390229
MonoBehaviour:
  m_ObjectHideFlags: 0
  m_CorrespondingSourceObject: {fileID: 0}
  m_PrefabInstance: {fileID: 0}
  m_PrefabAsset: {fileID: 0}
  m_GameObject: {fileID: 1722547902807687540}
  m_Enabled: 1
  m_EditorHideFlags: 0
  m_Script: {fileID: 11500000, guid: 5852f10a92c8139408b4ec2274f5c7a3, type: 3}
  m_Name: 
  m_EditorClassIdentifier: 
  _animationName: idle
  _waitTime: {x: 1, y: 2}
--- !u!1 &1828452370862205509
GameObject:
  m_ObjectHideFlags: 0
  m_CorrespondingSourceObject: {fileID: 0}
  m_PrefabInstance: {fileID: 0}
  m_PrefabAsset: {fileID: 0}
  serializedVersion: 6
  m_Component:
  - component: {fileID: 959110187213789967}
  - component: {fileID: 2326083265815020734}
  m_Layer: 0
  m_Name: Point (8)
  m_TagString: Untagged
  m_Icon: {fileID: 7148428337604731935, guid: 0000000000000000d000000000000000, type: 0}
  m_NavMeshLayer: 0
  m_StaticEditorFlags: 0
  m_IsActive: 1
--- !u!4 &959110187213789967
Transform:
  m_ObjectHideFlags: 0
  m_CorrespondingSourceObject: {fileID: 0}
  m_PrefabInstance: {fileID: 0}
  m_PrefabAsset: {fileID: 0}
  m_GameObject: {fileID: 1828452370862205509}
  m_LocalRotation: {x: -0, y: -0.90790534, z: -0, w: 0.41917533}
  m_LocalPosition: {x: 24.8, y: -3, z: -2.7}
  m_LocalScale: {x: 1, y: 1, z: 1}
  m_Children: []
  m_Father: {fileID: 2471208702973446494}
  m_RootOrder: 8
  m_LocalEulerAnglesHint: {x: 0, y: -130.435, z: 0}
--- !u!114 &2326083265815020734
MonoBehaviour:
  m_ObjectHideFlags: 0
  m_CorrespondingSourceObject: {fileID: 0}
  m_PrefabInstance: {fileID: 0}
  m_PrefabAsset: {fileID: 0}
  m_GameObject: {fileID: 1828452370862205509}
  m_Enabled: 1
  m_EditorHideFlags: 0
  m_Script: {fileID: 11500000, guid: 5852f10a92c8139408b4ec2274f5c7a3, type: 3}
  m_Name: 
  m_EditorClassIdentifier: 
  _animationName: idle
  _waitTime: {x: 1, y: 2}
--- !u!1 &2002950283358186323
GameObject:
  m_ObjectHideFlags: 0
  m_CorrespondingSourceObject: {fileID: 0}
  m_PrefabInstance: {fileID: 0}
  m_PrefabAsset: {fileID: 0}
  serializedVersion: 6
  m_Component:
  - component: {fileID: 2133809599383818132}
  - component: {fileID: 5676909128175801641}
  m_Layer: 0
  m_Name: path_01
  m_TagString: Untagged
  m_Icon: {fileID: 0}
  m_NavMeshLayer: 0
  m_StaticEditorFlags: 0
  m_IsActive: 1
--- !u!4 &2133809599383818132
Transform:
  m_ObjectHideFlags: 0
  m_CorrespondingSourceObject: {fileID: 0}
  m_PrefabInstance: {fileID: 0}
  m_PrefabAsset: {fileID: 0}
  m_GameObject: {fileID: 2002950283358186323}
  m_LocalRotation: {x: -0.000000021855694, y: -0, z: -0, w: 1}
  m_LocalPosition: {x: -39.7, y: 0, z: -32.7}
  m_LocalScale: {x: 1, y: 1, z: 1}
  m_Children:
  - {fileID: 8085324339062301762}
  - {fileID: 3349947620333624}
  - {fileID: 2174410360853254635}
  - {fileID: 7483873853348608752}
  - {fileID: 390535685842052961}
  - {fileID: 156054997672382184}
  - {fileID: 6130072461978016788}
  - {fileID: 2699630511260810301}
  - {fileID: 8814914156891859465}
  m_Father: {fileID: 1982194894903881976}
  m_RootOrder: 2
  m_LocalEulerAnglesHint: {x: 0, y: 0, z: 0}
--- !u!114 &5676909128175801641
MonoBehaviour:
  m_ObjectHideFlags: 0
  m_CorrespondingSourceObject: {fileID: 0}
  m_PrefabInstance: {fileID: 0}
  m_PrefabAsset: {fileID: 0}
  m_GameObject: {fileID: 2002950283358186323}
  m_Enabled: 1
  m_EditorHideFlags: 0
  m_Script: {fileID: 11500000, guid: 219bf220f2d2a40429e128742e3ae418, type: 3}
  m_Name: 
  m_EditorClassIdentifier: 
  _points:
  - {fileID: 3654726759034290711}
  - {fileID: 840781011179435015}
  - {fileID: 8165506040643898423}
  - {fileID: 4737693032064798945}
  - {fileID: 2166837254131185698}
  - {fileID: 6911561563309311763}
  - {fileID: 3930726302824581087}
  - {fileID: 8954948942751412114}
  - {fileID: 8916288922430605380}
  _alwaysDrawGizmos: 1
  _gizmoColor: {r: 0.36470592, g: 0.89268005, b: 1, a: 1}
--- !u!1 &2252131294178028494
GameObject:
  m_ObjectHideFlags: 0
  m_CorrespondingSourceObject: {fileID: 0}
  m_PrefabInstance: {fileID: 0}
  m_PrefabAsset: {fileID: 0}
  serializedVersion: 6
  m_Component:
  - component: {fileID: 8908810082108418367}
  - component: {fileID: 8274374943817624757}
  m_Layer: 0
  m_Name: Point (10)
  m_TagString: Untagged
  m_Icon: {fileID: -5442936267250999957, guid: 0000000000000000d000000000000000, type: 0}
  m_NavMeshLayer: 0
  m_StaticEditorFlags: 0
  m_IsActive: 1
--- !u!4 &8908810082108418367
Transform:
  m_ObjectHideFlags: 0
  m_CorrespondingSourceObject: {fileID: 0}
  m_PrefabInstance: {fileID: 0}
  m_PrefabAsset: {fileID: 0}
  m_GameObject: {fileID: 2252131294178028494}
  m_LocalRotation: {x: -0, y: -0.90790534, z: -0, w: 0.41917533}
  m_LocalPosition: {x: 26.8, y: -3, z: 11.7}
  m_LocalScale: {x: 1, y: 1, z: 1}
  m_Children: []
  m_Father: {fileID: 4173433331054332423}
  m_RootOrder: 10
  m_LocalEulerAnglesHint: {x: 0, y: -130.435, z: 0}
--- !u!114 &8274374943817624757
MonoBehaviour:
  m_ObjectHideFlags: 0
  m_CorrespondingSourceObject: {fileID: 0}
  m_PrefabInstance: {fileID: 0}
  m_PrefabAsset: {fileID: 0}
  m_GameObject: {fileID: 2252131294178028494}
  m_Enabled: 1
  m_EditorHideFlags: 0
  m_Script: {fileID: 11500000, guid: 5852f10a92c8139408b4ec2274f5c7a3, type: 3}
  m_Name: 
  m_EditorClassIdentifier: 
  _animationName: idle
  _waitTime: {x: 1, y: 2}
--- !u!1 &2398640621069779184
GameObject:
  m_ObjectHideFlags: 0
  m_CorrespondingSourceObject: {fileID: 0}
  m_PrefabInstance: {fileID: 0}
  m_PrefabAsset: {fileID: 0}
  serializedVersion: 6
  m_Component:
  - component: {fileID: 2174410360853254635}
  - component: {fileID: 8165506040643898423}
  m_Layer: 0
  m_Name: Point (2)
  m_TagString: Untagged
  m_Icon: {fileID: 7422848464349959988, guid: 0000000000000000d000000000000000, type: 0}
  m_NavMeshLayer: 0
  m_StaticEditorFlags: 0
  m_IsActive: 1
--- !u!4 &2174410360853254635
Transform:
  m_ObjectHideFlags: 0
  m_CorrespondingSourceObject: {fileID: 0}
  m_PrefabInstance: {fileID: 0}
  m_PrefabAsset: {fileID: 0}
  m_GameObject: {fileID: 2398640621069779184}
  m_LocalRotation: {x: -0, y: -0.9714244, z: -0, w: 0.23734918}
  m_LocalPosition: {x: 58.2, y: -3, z: -11.7}
  m_LocalScale: {x: 1, y: 1, z: 1}
  m_Children: []
  m_Father: {fileID: 2133809599383818132}
  m_RootOrder: 2
  m_LocalEulerAnglesHint: {x: 0, y: -152.54, z: 0}
--- !u!114 &8165506040643898423
MonoBehaviour:
  m_ObjectHideFlags: 0
  m_CorrespondingSourceObject: {fileID: 0}
  m_PrefabInstance: {fileID: 0}
  m_PrefabAsset: {fileID: 0}
  m_GameObject: {fileID: 2398640621069779184}
  m_Enabled: 1
  m_EditorHideFlags: 0
  m_Script: {fileID: 11500000, guid: 5852f10a92c8139408b4ec2274f5c7a3, type: 3}
  m_Name: 
  m_EditorClassIdentifier: 
  _animationName: idle
  _waitTime: {x: 0, y: 0}
--- !u!1 &2409928925939922977
GameObject:
  m_ObjectHideFlags: 0
  m_CorrespondingSourceObject: {fileID: 0}
  m_PrefabInstance: {fileID: 0}
  m_PrefabAsset: {fileID: 0}
  serializedVersion: 6
  m_Component:
  - component: {fileID: 8145734871590883625}
  - component: {fileID: 9162716138934052778}
  m_Layer: 0
  m_Name: Point (7)
  m_TagString: Untagged
  m_Icon: {fileID: -5442936267250999957, guid: 0000000000000000d000000000000000, type: 0}
  m_NavMeshLayer: 0
  m_StaticEditorFlags: 0
  m_IsActive: 1
--- !u!4 &8145734871590883625
Transform:
  m_ObjectHideFlags: 0
  m_CorrespondingSourceObject: {fileID: 0}
  m_PrefabInstance: {fileID: 0}
  m_PrefabAsset: {fileID: 0}
  m_GameObject: {fileID: 2409928925939922977}
  m_LocalRotation: {x: -0, y: -0.90790534, z: -0, w: 0.41917533}
  m_LocalPosition: {x: 51.8, y: -3, z: 19}
  m_LocalScale: {x: 1, y: 1, z: 1}
  m_Children: []
  m_Father: {fileID: 4173433331054332423}
  m_RootOrder: 7
  m_LocalEulerAnglesHint: {x: 0, y: -130.435, z: 0}
--- !u!114 &9162716138934052778
MonoBehaviour:
  m_ObjectHideFlags: 0
  m_CorrespondingSourceObject: {fileID: 0}
  m_PrefabInstance: {fileID: 0}
  m_PrefabAsset: {fileID: 0}
  m_GameObject: {fileID: 2409928925939922977}
  m_Enabled: 1
  m_EditorHideFlags: 0
  m_Script: {fileID: 11500000, guid: 5852f10a92c8139408b4ec2274f5c7a3, type: 3}
  m_Name: 
  m_EditorClassIdentifier: 
  _animationName: idle
  _waitTime: {x: 0, y: 0}
--- !u!1 &2614023923083787422
GameObject:
  m_ObjectHideFlags: 0
  m_CorrespondingSourceObject: {fileID: 0}
  m_PrefabInstance: {fileID: 0}
  m_PrefabAsset: {fileID: 0}
  serializedVersion: 6
  m_Component:
  - component: {fileID: 2699630511260810301}
  - component: {fileID: 8954948942751412114}
  m_Layer: 0
  m_Name: Point (7)
  m_TagString: Untagged
  m_Icon: {fileID: 7422848464349959988, guid: 0000000000000000d000000000000000, type: 0}
  m_NavMeshLayer: 0
  m_StaticEditorFlags: 0
  m_IsActive: 1
--- !u!4 &2699630511260810301
Transform:
  m_ObjectHideFlags: 0
  m_CorrespondingSourceObject: {fileID: 0}
  m_PrefabInstance: {fileID: 0}
  m_PrefabAsset: {fileID: 0}
  m_GameObject: {fileID: 2614023923083787422}
  m_LocalRotation: {x: -0, y: -0.9714244, z: -0, w: 0.23734918}
  m_LocalPosition: {x: 32.07, y: -3, z: 18}
  m_LocalScale: {x: 1, y: 1, z: 1}
  m_Children: []
  m_Father: {fileID: 2133809599383818132}
  m_RootOrder: 7
  m_LocalEulerAnglesHint: {x: 0, y: -152.54, z: 0}
--- !u!114 &8954948942751412114
MonoBehaviour:
  m_ObjectHideFlags: 0
  m_CorrespondingSourceObject: {fileID: 0}
  m_PrefabInstance: {fileID: 0}
  m_PrefabAsset: {fileID: 0}
  m_GameObject: {fileID: 2614023923083787422}
  m_Enabled: 1
  m_EditorHideFlags: 0
  m_Script: {fileID: 11500000, guid: 5852f10a92c8139408b4ec2274f5c7a3, type: 3}
  m_Name: 
  m_EditorClassIdentifier: 
  _animationName: idle
  _waitTime: {x: 1, y: 2}
--- !u!1 &3119977836691062774
GameObject:
  m_ObjectHideFlags: 0
  m_CorrespondingSourceObject: {fileID: 0}
  m_PrefabInstance: {fileID: 0}
  m_PrefabAsset: {fileID: 0}
  serializedVersion: 6
  m_Component:
  - component: {fileID: 333228793013881972}
  - component: {fileID: 7749880544811431765}
  m_Layer: 0
  m_Name: Point (11)
  m_TagString: Untagged
  m_Icon: {fileID: 7148428337604731935, guid: 0000000000000000d000000000000000, type: 0}
  m_NavMeshLayer: 0
  m_StaticEditorFlags: 0
  m_IsActive: 1
--- !u!4 &333228793013881972
Transform:
  m_ObjectHideFlags: 0
  m_CorrespondingSourceObject: {fileID: 0}
  m_PrefabInstance: {fileID: 0}
  m_PrefabAsset: {fileID: 0}
  m_GameObject: {fileID: 3119977836691062774}
  m_LocalRotation: {x: -0, y: -0.90790534, z: -0, w: 0.41917533}
  m_LocalPosition: {x: 34.9, y: -3, z: 3}
  m_LocalScale: {x: 1, y: 1, z: 1}
  m_Children: []
  m_Father: {fileID: 2471208702973446494}
  m_RootOrder: 11
  m_LocalEulerAnglesHint: {x: 0, y: -130.435, z: 0}
--- !u!114 &7749880544811431765
MonoBehaviour:
  m_ObjectHideFlags: 0
  m_CorrespondingSourceObject: {fileID: 0}
  m_PrefabInstance: {fileID: 0}
  m_PrefabAsset: {fileID: 0}
  m_GameObject: {fileID: 3119977836691062774}
  m_Enabled: 1
  m_EditorHideFlags: 0
  m_Script: {fileID: 11500000, guid: 5852f10a92c8139408b4ec2274f5c7a3, type: 3}
  m_Name: 
  m_EditorClassIdentifier: 
  _animationName: idle
  _waitTime: {x: 1, y: 2}
--- !u!1 &3290886238061517055
GameObject:
  m_ObjectHideFlags: 0
  m_CorrespondingSourceObject: {fileID: 0}
  m_PrefabInstance: {fileID: 0}
  m_PrefabAsset: {fileID: 0}
  serializedVersion: 6
  m_Component:
  - component: {fileID: 5976460387549304898}
  - component: {fileID: 4630462037972694449}
  m_Layer: 0
  m_Name: Point (9)
  m_TagString: Untagged
  m_Icon: {fileID: -5442936267250999957, guid: 0000000000000000d000000000000000, type: 0}
  m_NavMeshLayer: 0
  m_StaticEditorFlags: 0
  m_IsActive: 1
--- !u!4 &5976460387549304898
Transform:
  m_ObjectHideFlags: 0
  m_CorrespondingSourceObject: {fileID: 0}
  m_PrefabInstance: {fileID: 0}
  m_PrefabAsset: {fileID: 0}
  m_GameObject: {fileID: 3290886238061517055}
  m_LocalRotation: {x: -0, y: -0.90790534, z: -0, w: 0.41917533}
  m_LocalPosition: {x: 24.5, y: -3, z: 14.5}
  m_LocalScale: {x: 1, y: 1, z: 1}
  m_Children: []
  m_Father: {fileID: 4173433331054332423}
  m_RootOrder: 9
  m_LocalEulerAnglesHint: {x: 0, y: -130.435, z: 0}
--- !u!114 &4630462037972694449
MonoBehaviour:
  m_ObjectHideFlags: 0
  m_CorrespondingSourceObject: {fileID: 0}
  m_PrefabInstance: {fileID: 0}
  m_PrefabAsset: {fileID: 0}
  m_GameObject: {fileID: 3290886238061517055}
  m_Enabled: 1
  m_EditorHideFlags: 0
  m_Script: {fileID: 11500000, guid: 5852f10a92c8139408b4ec2274f5c7a3, type: 3}
  m_Name: 
  m_EditorClassIdentifier: 
  _animationName: idle
  _waitTime: {x: 1, y: 2}
--- !u!1 &3610456780081192787
GameObject:
  m_ObjectHideFlags: 0
  m_CorrespondingSourceObject: {fileID: 0}
  m_PrefabInstance: {fileID: 0}
  m_PrefabAsset: {fileID: 0}
  serializedVersion: 6
  m_Component:
  - component: {fileID: 7342589661268080326}
  - component: {fileID: 8207293048385415029}
  m_Layer: 0
  m_Name: Point (6)
  m_TagString: Untagged
  m_Icon: {fileID: 7148428337604731935, guid: 0000000000000000d000000000000000, type: 0}
  m_NavMeshLayer: 0
  m_StaticEditorFlags: 0
  m_IsActive: 1
--- !u!4 &7342589661268080326
Transform:
  m_ObjectHideFlags: 0
  m_CorrespondingSourceObject: {fileID: 0}
  m_PrefabInstance: {fileID: 0}
  m_PrefabAsset: {fileID: 0}
  m_GameObject: {fileID: 3610456780081192787}
  m_LocalRotation: {x: -0, y: -0.90790534, z: -0, w: 0.41917533}
  m_LocalPosition: {x: 41.1, y: -3, z: 12.5}
  m_LocalScale: {x: 1, y: 1, z: 1}
  m_Children: []
  m_Father: {fileID: 2471208702973446494}
  m_RootOrder: 6
  m_LocalEulerAnglesHint: {x: 0, y: -130.435, z: 0}
--- !u!114 &8207293048385415029
MonoBehaviour:
  m_ObjectHideFlags: 0
  m_CorrespondingSourceObject: {fileID: 0}
  m_PrefabInstance: {fileID: 0}
  m_PrefabAsset: {fileID: 0}
  m_GameObject: {fileID: 3610456780081192787}
  m_Enabled: 1
  m_EditorHideFlags: 0
  m_Script: {fileID: 11500000, guid: 5852f10a92c8139408b4ec2274f5c7a3, type: 3}
  m_Name: 
  m_EditorClassIdentifier: 
  _animationName: idle
  _waitTime: {x: 3, y: 4}
--- !u!1 &3712038969108232622
GameObject:
  m_ObjectHideFlags: 0
  m_CorrespondingSourceObject: {fileID: 0}
  m_PrefabInstance: {fileID: 0}
  m_PrefabAsset: {fileID: 0}
  serializedVersion: 6
  m_Component:
  - component: {fileID: 156054997672382184}
  - component: {fileID: 6911561563309311763}
  m_Layer: 0
  m_Name: Point (5)
  m_TagString: Untagged
  m_Icon: {fileID: 7422848464349959988, guid: 0000000000000000d000000000000000, type: 0}
  m_NavMeshLayer: 0
  m_StaticEditorFlags: 0
  m_IsActive: 1
--- !u!4 &156054997672382184
Transform:
  m_ObjectHideFlags: 0
  m_CorrespondingSourceObject: {fileID: 0}
  m_PrefabInstance: {fileID: 0}
  m_PrefabAsset: {fileID: 0}
  m_GameObject: {fileID: 3712038969108232622}
  m_LocalRotation: {x: -0, y: -0.9714244, z: -0, w: 0.23734918}
  m_LocalPosition: {x: 32.2, y: -3, z: -22.7}
  m_LocalScale: {x: 1, y: 1, z: 1}
  m_Children: []
  m_Father: {fileID: 2133809599383818132}
  m_RootOrder: 5
  m_LocalEulerAnglesHint: {x: 0, y: -152.54, z: 0}
--- !u!114 &6911561563309311763
MonoBehaviour:
  m_ObjectHideFlags: 0
  m_CorrespondingSourceObject: {fileID: 0}
  m_PrefabInstance: {fileID: 0}
  m_PrefabAsset: {fileID: 0}
  m_GameObject: {fileID: 3712038969108232622}
  m_Enabled: 1
  m_EditorHideFlags: 0
  m_Script: {fileID: 11500000, guid: 5852f10a92c8139408b4ec2274f5c7a3, type: 3}
  m_Name: 
  m_EditorClassIdentifier: 
  _animationName: idle
  _waitTime: {x: 0, y: 0}
--- !u!1 &3917742746730049624
GameObject:
  m_ObjectHideFlags: 0
  m_CorrespondingSourceObject: {fileID: 0}
  m_PrefabInstance: {fileID: 0}
  m_PrefabAsset: {fileID: 0}
  serializedVersion: 6
  m_Component:
  - component: {fileID: 6578341643708845082}
  - component: {fileID: 2961052570647923139}
  m_Layer: 0
  m_Name: Point (7)
  m_TagString: Untagged
  m_Icon: {fileID: 7148428337604731935, guid: 0000000000000000d000000000000000, type: 0}
  m_NavMeshLayer: 0
  m_StaticEditorFlags: 0
  m_IsActive: 1
--- !u!4 &6578341643708845082
Transform:
  m_ObjectHideFlags: 0
  m_CorrespondingSourceObject: {fileID: 0}
  m_PrefabInstance: {fileID: 0}
  m_PrefabAsset: {fileID: 0}
  m_GameObject: {fileID: 3917742746730049624}
  m_LocalRotation: {x: -0, y: -0.90790534, z: -0, w: 0.41917533}
  m_LocalPosition: {x: 23.7, y: -3, z: 3.1}
  m_LocalScale: {x: 1, y: 1, z: 1}
  m_Children: []
  m_Father: {fileID: 2471208702973446494}
  m_RootOrder: 7
  m_LocalEulerAnglesHint: {x: 0, y: -130.435, z: 0}
--- !u!114 &2961052570647923139
MonoBehaviour:
  m_ObjectHideFlags: 0
  m_CorrespondingSourceObject: {fileID: 0}
  m_PrefabInstance: {fileID: 0}
  m_PrefabAsset: {fileID: 0}
  m_GameObject: {fileID: 3917742746730049624}
  m_Enabled: 1
  m_EditorHideFlags: 0
  m_Script: {fileID: 11500000, guid: 5852f10a92c8139408b4ec2274f5c7a3, type: 3}
  m_Name: 
  m_EditorClassIdentifier: 
  _animationName: idle
  _waitTime: {x: 0, y: 0}
--- !u!1 &4107430111216465990
GameObject:
  m_ObjectHideFlags: 0
  m_CorrespondingSourceObject: {fileID: 0}
  m_PrefabInstance: {fileID: 0}
  m_PrefabAsset: {fileID: 0}
  serializedVersion: 6
  m_Component:
  - component: {fileID: 7568057155346962109}
  - component: {fileID: 8235073014848855383}
  m_Layer: 0
  m_Name: Point (5)
  m_TagString: Untagged
  m_Icon: {fileID: -5442936267250999957, guid: 0000000000000000d000000000000000, type: 0}
  m_NavMeshLayer: 0
  m_StaticEditorFlags: 0
  m_IsActive: 1
--- !u!4 &7568057155346962109
Transform:
  m_ObjectHideFlags: 0
  m_CorrespondingSourceObject: {fileID: 0}
  m_PrefabInstance: {fileID: 0}
  m_PrefabAsset: {fileID: 0}
  m_GameObject: {fileID: 4107430111216465990}
  m_LocalRotation: {x: -0, y: -0.90790534, z: -0, w: 0.41917533}
  m_LocalPosition: {x: 23.9, y: -3, z: -26.5}
  m_LocalScale: {x: 1, y: 1, z: 1}
  m_Children: []
  m_Father: {fileID: 4173433331054332423}
  m_RootOrder: 5
  m_LocalEulerAnglesHint: {x: 0, y: -130.435, z: 0}
--- !u!114 &8235073014848855383
MonoBehaviour:
  m_ObjectHideFlags: 0
  m_CorrespondingSourceObject: {fileID: 0}
  m_PrefabInstance: {fileID: 0}
  m_PrefabAsset: {fileID: 0}
  m_GameObject: {fileID: 4107430111216465990}
  m_Enabled: 1
  m_EditorHideFlags: 0
  m_Script: {fileID: 11500000, guid: 5852f10a92c8139408b4ec2274f5c7a3, type: 3}
  m_Name: 
  m_EditorClassIdentifier: 
  _animationName: idle
  _waitTime: {x: 0, y: 0}
--- !u!1 &4225983740989417491
GameObject:
  m_ObjectHideFlags: 0
  m_CorrespondingSourceObject: {fileID: 0}
  m_PrefabInstance: {fileID: 0}
  m_PrefabAsset: {fileID: 0}
  serializedVersion: 6
  m_Component:
  - component: {fileID: 4031653837221093527}
  - component: {fileID: 31035399115926783}
  m_Layer: 0
  m_Name: Point (6)
  m_TagString: Untagged
  m_Icon: {fileID: -5442936267250999957, guid: 0000000000000000d000000000000000, type: 0}
  m_NavMeshLayer: 0
  m_StaticEditorFlags: 0
  m_IsActive: 1
--- !u!4 &4031653837221093527
Transform:
  m_ObjectHideFlags: 0
  m_CorrespondingSourceObject: {fileID: 0}
  m_PrefabInstance: {fileID: 0}
  m_PrefabAsset: {fileID: 0}
  m_GameObject: {fileID: 4225983740989417491}
  m_LocalRotation: {x: -0, y: -0.90790534, z: -0, w: 0.41917533}
  m_LocalPosition: {x: 50.5, y: -3, z: -18.6}
  m_LocalScale: {x: 1, y: 1, z: 1}
  m_Children: []
  m_Father: {fileID: 4173433331054332423}
  m_RootOrder: 6
  m_LocalEulerAnglesHint: {x: 0, y: -130.435, z: 0}
--- !u!114 &31035399115926783
MonoBehaviour:
  m_ObjectHideFlags: 0
  m_CorrespondingSourceObject: {fileID: 0}
  m_PrefabInstance: {fileID: 0}
  m_PrefabAsset: {fileID: 0}
  m_GameObject: {fileID: 4225983740989417491}
  m_Enabled: 1
  m_EditorHideFlags: 0
  m_Script: {fileID: 11500000, guid: 5852f10a92c8139408b4ec2274f5c7a3, type: 3}
  m_Name: 
  m_EditorClassIdentifier: 
  _animationName: idle
  _waitTime: {x: 3, y: 4}
--- !u!1 &4240444257670241530
GameObject:
  m_ObjectHideFlags: 0
  m_CorrespondingSourceObject: {fileID: 0}
  m_PrefabInstance: {fileID: 0}
  m_PrefabAsset: {fileID: 0}
  serializedVersion: 6
  m_Component:
  - component: {fileID: 7483873853348608752}
  - component: {fileID: 4737693032064798945}
  m_Layer: 0
  m_Name: Point (3)
  m_TagString: Untagged
  m_Icon: {fileID: 7422848464349959988, guid: 0000000000000000d000000000000000, type: 0}
  m_NavMeshLayer: 0
  m_StaticEditorFlags: 0
  m_IsActive: 1
--- !u!4 &7483873853348608752
Transform:
  m_ObjectHideFlags: 0
  m_CorrespondingSourceObject: {fileID: 0}
  m_PrefabInstance: {fileID: 0}
  m_PrefabAsset: {fileID: 0}
  m_GameObject: {fileID: 4240444257670241530}
  m_LocalRotation: {x: -0, y: -0.9714244, z: -0, w: 0.23734918}
  m_LocalPosition: {x: 60, y: -3, z: 17.3}
  m_LocalScale: {x: 1, y: 1, z: 1}
  m_Children: []
  m_Father: {fileID: 2133809599383818132}
  m_RootOrder: 3
  m_LocalEulerAnglesHint: {x: 0, y: -152.54, z: 0}
--- !u!114 &4737693032064798945
MonoBehaviour:
  m_ObjectHideFlags: 0
  m_CorrespondingSourceObject: {fileID: 0}
  m_PrefabInstance: {fileID: 0}
  m_PrefabAsset: {fileID: 0}
  m_GameObject: {fileID: 4240444257670241530}
  m_Enabled: 1
  m_EditorHideFlags: 0
  m_Script: {fileID: 11500000, guid: 5852f10a92c8139408b4ec2274f5c7a3, type: 3}
  m_Name: 
  m_EditorClassIdentifier: 
  _animationName: idle
  _waitTime: {x: 0, y: 0}
--- !u!1 &4552863003545443648
GameObject:
  m_ObjectHideFlags: 0
  m_CorrespondingSourceObject: {fileID: 0}
  m_PrefabInstance: {fileID: 0}
  m_PrefabAsset: {fileID: 0}
  serializedVersion: 6
  m_Component:
  - component: {fileID: 3742860809655559894}
  - component: {fileID: 6024426235401806918}
  m_Layer: 0
  m_Name: Point (2)
  m_TagString: Untagged
  m_Icon: {fileID: 7148428337604731935, guid: 0000000000000000d000000000000000, type: 0}
  m_NavMeshLayer: 0
  m_StaticEditorFlags: 0
  m_IsActive: 1
--- !u!4 &3742860809655559894
Transform:
  m_ObjectHideFlags: 0
  m_CorrespondingSourceObject: {fileID: 0}
  m_PrefabInstance: {fileID: 0}
  m_PrefabAsset: {fileID: 0}
  m_GameObject: {fileID: 4552863003545443648}
  m_LocalRotation: {x: -0, y: -0.90790534, z: -0, w: 0.41917533}
  m_LocalPosition: {x: 56.8, y: -3, z: -5.7}
  m_LocalScale: {x: 1, y: 1, z: 1}
  m_Children: []
  m_Father: {fileID: 2471208702973446494}
  m_RootOrder: 2
  m_LocalEulerAnglesHint: {x: 0, y: -130.435, z: 0}
--- !u!114 &6024426235401806918
MonoBehaviour:
  m_ObjectHideFlags: 0
  m_CorrespondingSourceObject: {fileID: 0}
  m_PrefabInstance: {fileID: 0}
  m_PrefabAsset: {fileID: 0}
  m_GameObject: {fileID: 4552863003545443648}
  m_Enabled: 1
  m_EditorHideFlags: 0
  m_Script: {fileID: 11500000, guid: 5852f10a92c8139408b4ec2274f5c7a3, type: 3}
  m_Name: 
  m_EditorClassIdentifier: 
  _animationName: idle
  _waitTime: {x: 0, y: 0}
--- !u!1 &4708815656289471916
GameObject:
  m_ObjectHideFlags: 0
  m_CorrespondingSourceObject: {fileID: 0}
  m_PrefabInstance: {fileID: 0}
  m_PrefabAsset: {fileID: 0}
  serializedVersion: 6
  m_Component:
  - component: {fileID: 2680064277798845762}
  - component: {fileID: 2538634646514761266}
  m_Layer: 0
  m_Name: Point (4)
  m_TagString: Untagged
  m_Icon: {fileID: 7148428337604731935, guid: 0000000000000000d000000000000000, type: 0}
  m_NavMeshLayer: 0
  m_StaticEditorFlags: 0
  m_IsActive: 1
--- !u!4 &2680064277798845762
Transform:
  m_ObjectHideFlags: 0
  m_CorrespondingSourceObject: {fileID: 0}
  m_PrefabInstance: {fileID: 0}
  m_PrefabAsset: {fileID: 0}
  m_GameObject: {fileID: 4708815656289471916}
  m_LocalRotation: {x: -0, y: -0.90790534, z: -0, w: 0.41917533}
  m_LocalPosition: {x: 40.7, y: -3, z: -4.5}
  m_LocalScale: {x: 1, y: 1, z: 1}
  m_Children: []
  m_Father: {fileID: 2471208702973446494}
  m_RootOrder: 4
  m_LocalEulerAnglesHint: {x: 0, y: -130.435, z: 0}
--- !u!114 &2538634646514761266
MonoBehaviour:
  m_ObjectHideFlags: 0
  m_CorrespondingSourceObject: {fileID: 0}
  m_PrefabInstance: {fileID: 0}
  m_PrefabAsset: {fileID: 0}
  m_GameObject: {fileID: 4708815656289471916}
  m_Enabled: 1
  m_EditorHideFlags: 0
  m_Script: {fileID: 11500000, guid: 5852f10a92c8139408b4ec2274f5c7a3, type: 3}
  m_Name: 
  m_EditorClassIdentifier: 
  _animationName: idle
  _waitTime: {x: 0, y: 0}
--- !u!1 &4855360154785425047
GameObject:
  m_ObjectHideFlags: 0
  m_CorrespondingSourceObject: {fileID: 0}
  m_PrefabInstance: {fileID: 0}
  m_PrefabAsset: {fileID: 0}
  serializedVersion: 6
  m_Component:
  - component: {fileID: 8085324339062301762}
  - component: {fileID: 3654726759034290711}
  m_Layer: 0
  m_Name: Point
  m_TagString: Untagged
  m_Icon: {fileID: 7422848464349959988, guid: 0000000000000000d000000000000000, type: 0}
  m_NavMeshLayer: 0
  m_StaticEditorFlags: 0
  m_IsActive: 1
--- !u!4 &8085324339062301762
Transform:
  m_ObjectHideFlags: 0
  m_CorrespondingSourceObject: {fileID: 0}
  m_PrefabInstance: {fileID: 0}
  m_PrefabAsset: {fileID: 0}
  m_GameObject: {fileID: 4855360154785425047}
  m_LocalRotation: {x: -0, y: -0.9714244, z: -0, w: 0.23734918}
  m_LocalPosition: {x: 24.2, y: -3, z: -6.2}
  m_LocalScale: {x: 1, y: 1, z: 1}
  m_Children: []
  m_Father: {fileID: 2133809599383818132}
  m_RootOrder: 0
  m_LocalEulerAnglesHint: {x: 0, y: -152.54, z: 0}
--- !u!114 &3654726759034290711
MonoBehaviour:
  m_ObjectHideFlags: 0
  m_CorrespondingSourceObject: {fileID: 0}
  m_PrefabInstance: {fileID: 0}
  m_PrefabAsset: {fileID: 0}
  m_GameObject: {fileID: 4855360154785425047}
  m_Enabled: 1
  m_EditorHideFlags: 0
  m_Script: {fileID: 11500000, guid: 5852f10a92c8139408b4ec2274f5c7a3, type: 3}
  m_Name: 
  m_EditorClassIdentifier: 
  _animationName: idle
  _waitTime: {x: 0, y: 0}
--- !u!1 &5467380070093050053
GameObject:
  m_ObjectHideFlags: 0
  m_CorrespondingSourceObject: {fileID: 0}
  m_PrefabInstance: {fileID: 0}
  m_PrefabAsset: {fileID: 0}
  serializedVersion: 6
  m_Component:
  - component: {fileID: 3311068752214906976}
  - component: {fileID: 8529062687236021747}
  m_Layer: 0
  m_Name: Point (2)
  m_TagString: Untagged
  m_Icon: {fileID: -5442936267250999957, guid: 0000000000000000d000000000000000, type: 0}
  m_NavMeshLayer: 0
  m_StaticEditorFlags: 0
  m_IsActive: 1
--- !u!4 &3311068752214906976
Transform:
  m_ObjectHideFlags: 0
  m_CorrespondingSourceObject: {fileID: 0}
  m_PrefabInstance: {fileID: 0}
  m_PrefabAsset: {fileID: 0}
  m_GameObject: {fileID: 5467380070093050053}
  m_LocalRotation: {x: -0, y: -0.90790534, z: -0, w: 0.41917533}
  m_LocalPosition: {x: 54.6, y: -3, z: 13}
  m_LocalScale: {x: 1, y: 1, z: 1}
  m_Children: []
  m_Father: {fileID: 4173433331054332423}
  m_RootOrder: 2
  m_LocalEulerAnglesHint: {x: 0, y: -130.435, z: 0}
--- !u!114 &8529062687236021747
MonoBehaviour:
  m_ObjectHideFlags: 0
  m_CorrespondingSourceObject: {fileID: 0}
  m_PrefabInstance: {fileID: 0}
  m_PrefabAsset: {fileID: 0}
  m_GameObject: {fileID: 5467380070093050053}
  m_Enabled: 1
  m_EditorHideFlags: 0
  m_Script: {fileID: 11500000, guid: 5852f10a92c8139408b4ec2274f5c7a3, type: 3}
  m_Name: 
  m_EditorClassIdentifier: 
  _animationName: idle
  _waitTime: {x: 0, y: 0}
--- !u!1 &5583923447180584262
GameObject:
  m_ObjectHideFlags: 0
  m_CorrespondingSourceObject: {fileID: 0}
  m_PrefabInstance: {fileID: 0}
  m_PrefabAsset: {fileID: 0}
  serializedVersion: 6
  m_Component:
  - component: {fileID: 7854200227555121897}
  - component: {fileID: 2073798066525655559}
  m_Layer: 0
  m_Name: Point
  m_TagString: Untagged
  m_Icon: {fileID: -5442936267250999957, guid: 0000000000000000d000000000000000, type: 0}
  m_NavMeshLayer: 0
  m_StaticEditorFlags: 0
  m_IsActive: 1
--- !u!4 &7854200227555121897
Transform:
  m_ObjectHideFlags: 0
  m_CorrespondingSourceObject: {fileID: 0}
  m_PrefabInstance: {fileID: 0}
  m_PrefabAsset: {fileID: 0}
  m_GameObject: {fileID: 5583923447180584262}
  m_LocalRotation: {x: -0, y: -0.90790534, z: -0, w: 0.41917533}
  m_LocalPosition: {x: 52.3, y: -3, z: -9.4}
  m_LocalScale: {x: 1, y: 1, z: 1}
  m_Children: []
  m_Father: {fileID: 4173433331054332423}
  m_RootOrder: 0
  m_LocalEulerAnglesHint: {x: 0, y: -130.435, z: 0}
--- !u!114 &2073798066525655559
MonoBehaviour:
  m_ObjectHideFlags: 0
  m_CorrespondingSourceObject: {fileID: 0}
  m_PrefabInstance: {fileID: 0}
  m_PrefabAsset: {fileID: 0}
  m_GameObject: {fileID: 5583923447180584262}
  m_Enabled: 1
  m_EditorHideFlags: 0
  m_Script: {fileID: 11500000, guid: 5852f10a92c8139408b4ec2274f5c7a3, type: 3}
  m_Name: 
  m_EditorClassIdentifier: 
  _animationName: idle
  _waitTime: {x: 1, y: 1}
--- !u!1 &5590984394136751984
GameObject:
  m_ObjectHideFlags: 0
  m_CorrespondingSourceObject: {fileID: 0}
  m_PrefabInstance: {fileID: 0}
  m_PrefabAsset: {fileID: 0}
  serializedVersion: 6
  m_Component:
  - component: {fileID: 8851388793093042132}
  - component: {fileID: 7389478414395343759}
  m_Layer: 0
  m_Name: Point (1)
  m_TagString: Untagged
  m_Icon: {fileID: -5442936267250999957, guid: 0000000000000000d000000000000000, type: 0}
  m_NavMeshLayer: 0
  m_StaticEditorFlags: 0
  m_IsActive: 1
--- !u!4 &8851388793093042132
Transform:
  m_ObjectHideFlags: 0
  m_CorrespondingSourceObject: {fileID: 0}
  m_PrefabInstance: {fileID: 0}
  m_PrefabAsset: {fileID: 0}
  m_GameObject: {fileID: 5590984394136751984}
  m_LocalRotation: {x: -0, y: -0.90790534, z: -0, w: 0.41917533}
  m_LocalPosition: {x: 59.8, y: -3, z: 3.5}
  m_LocalScale: {x: 1, y: 1, z: 1}
  m_Children: []
  m_Father: {fileID: 4173433331054332423}
  m_RootOrder: 1
  m_LocalEulerAnglesHint: {x: 0, y: -130.435, z: 0}
--- !u!114 &7389478414395343759
MonoBehaviour:
  m_ObjectHideFlags: 0
  m_CorrespondingSourceObject: {fileID: 0}
  m_PrefabInstance: {fileID: 0}
  m_PrefabAsset: {fileID: 0}
  m_GameObject: {fileID: 5590984394136751984}
  m_Enabled: 1
  m_EditorHideFlags: 0
  m_Script: {fileID: 11500000, guid: 5852f10a92c8139408b4ec2274f5c7a3, type: 3}
  m_Name: 
  m_EditorClassIdentifier: 
  _animationName: idle
  _waitTime: {x: 0, y: 0}
--- !u!1 &5653861907988081195
GameObject:
  m_ObjectHideFlags: 0
  m_CorrespondingSourceObject: {fileID: 0}
  m_PrefabInstance: {fileID: 0}
  m_PrefabAsset: {fileID: 0}
  serializedVersion: 6
  m_Component:
  - component: {fileID: 6829119247596847002}
  - component: {fileID: 304246132295743222}
  m_Layer: 0
  m_Name: Point (3)
  m_TagString: Untagged
  m_Icon: {fileID: 7148428337604731935, guid: 0000000000000000d000000000000000, type: 0}
  m_NavMeshLayer: 0
  m_StaticEditorFlags: 0
  m_IsActive: 1
--- !u!4 &6829119247596847002
Transform:
  m_ObjectHideFlags: 0
  m_CorrespondingSourceObject: {fileID: 0}
  m_PrefabInstance: {fileID: 0}
  m_PrefabAsset: {fileID: 0}
  m_GameObject: {fileID: 5653861907988081195}
  m_LocalRotation: {x: -0, y: -0.90790534, z: -0, w: 0.41917533}
  m_LocalPosition: {x: 54.1, y: -3, z: 3.5}
  m_LocalScale: {x: 1, y: 1, z: 1}
  m_Children: []
  m_Father: {fileID: 2471208702973446494}
  m_RootOrder: 3
  m_LocalEulerAnglesHint: {x: 0, y: -130.435, z: 0}
--- !u!114 &304246132295743222
MonoBehaviour:
  m_ObjectHideFlags: 0
  m_CorrespondingSourceObject: {fileID: 0}
  m_PrefabInstance: {fileID: 0}
  m_PrefabAsset: {fileID: 0}
  m_GameObject: {fileID: 5653861907988081195}
  m_Enabled: 1
  m_EditorHideFlags: 0
  m_Script: {fileID: 11500000, guid: 5852f10a92c8139408b4ec2274f5c7a3, type: 3}
  m_Name: 
  m_EditorClassIdentifier: 
  _animationName: idle
  _waitTime: {x: 2, y: 5}
--- !u!1 &5977251737572467368
GameObject:
  m_ObjectHideFlags: 0
  m_CorrespondingSourceObject: {fileID: 0}
  m_PrefabInstance: {fileID: 0}
  m_PrefabAsset: {fileID: 0}
  serializedVersion: 6
  m_Component:
  - component: {fileID: 8347821874547360944}
  - component: {fileID: 2213778325661669027}
  m_Layer: 0
  m_Name: Point (1)
  m_TagString: Untagged
  m_Icon: {fileID: 7148428337604731935, guid: 0000000000000000d000000000000000, type: 0}
  m_NavMeshLayer: 0
  m_StaticEditorFlags: 0
  m_IsActive: 1
--- !u!4 &8347821874547360944
Transform:
  m_ObjectHideFlags: 0
  m_CorrespondingSourceObject: {fileID: 0}
  m_PrefabInstance: {fileID: 0}
  m_PrefabAsset: {fileID: 0}
  m_GameObject: {fileID: 5977251737572467368}
  m_LocalRotation: {x: -0, y: -0.90790534, z: -0, w: 0.41917533}
  m_LocalPosition: {x: 55.1, y: -3, z: -14.9}
  m_LocalScale: {x: 1, y: 1, z: 1}
  m_Children: []
  m_Father: {fileID: 2471208702973446494}
  m_RootOrder: 1
  m_LocalEulerAnglesHint: {x: 0, y: -130.435, z: 0}
--- !u!114 &2213778325661669027
MonoBehaviour:
  m_ObjectHideFlags: 0
  m_CorrespondingSourceObject: {fileID: 0}
  m_PrefabInstance: {fileID: 0}
  m_PrefabAsset: {fileID: 0}
  m_GameObject: {fileID: 5977251737572467368}
  m_Enabled: 1
  m_EditorHideFlags: 0
  m_Script: {fileID: 11500000, guid: 5852f10a92c8139408b4ec2274f5c7a3, type: 3}
  m_Name: 
  m_EditorClassIdentifier: 
  _animationName: idle
  _waitTime: {x: 0, y: 0}
--- !u!1 &6347674868309154068
GameObject:
  m_ObjectHideFlags: 0
  m_CorrespondingSourceObject: {fileID: 0}
  m_PrefabInstance: {fileID: 0}
  m_PrefabAsset: {fileID: 0}
  serializedVersion: 6
  m_Component:
  - component: {fileID: 8814914156891859465}
  - component: {fileID: 8916288922430605380}
  m_Layer: 0
  m_Name: Point (8)
  m_TagString: Untagged
  m_Icon: {fileID: 7422848464349959988, guid: 0000000000000000d000000000000000, type: 0}
  m_NavMeshLayer: 0
  m_StaticEditorFlags: 0
  m_IsActive: 1
--- !u!4 &8814914156891859465
Transform:
  m_ObjectHideFlags: 0
  m_CorrespondingSourceObject: {fileID: 0}
  m_PrefabInstance: {fileID: 0}
  m_PrefabAsset: {fileID: 0}
  m_GameObject: {fileID: 6347674868309154068}
  m_LocalRotation: {x: -0, y: -0.9714244, z: -0, w: 0.23734918}
  m_LocalPosition: {x: 41, y: -3, z: 9.3}
  m_LocalScale: {x: 1, y: 1, z: 1}
  m_Children: []
  m_Father: {fileID: 2133809599383818132}
  m_RootOrder: 8
  m_LocalEulerAnglesHint: {x: 0, y: -152.54, z: 0}
--- !u!114 &8916288922430605380
MonoBehaviour:
  m_ObjectHideFlags: 0
  m_CorrespondingSourceObject: {fileID: 0}
  m_PrefabInstance: {fileID: 0}
  m_PrefabAsset: {fileID: 0}
  m_GameObject: {fileID: 6347674868309154068}
  m_Enabled: 1
  m_EditorHideFlags: 0
  m_Script: {fileID: 11500000, guid: 5852f10a92c8139408b4ec2274f5c7a3, type: 3}
  m_Name: 
  m_EditorClassIdentifier: 
  _animationName: idle
  _waitTime: {x: 0, y: 0}
--- !u!1 &6844354551567407964
GameObject:
  m_ObjectHideFlags: 0
  m_CorrespondingSourceObject: {fileID: 0}
  m_PrefabInstance: {fileID: 0}
  m_PrefabAsset: {fileID: 0}
  serializedVersion: 6
  m_Component:
  - component: {fileID: 6130072461978016788}
  - component: {fileID: 3930726302824581087}
  m_Layer: 0
  m_Name: Point (6)
  m_TagString: Untagged
  m_Icon: {fileID: 7422848464349959988, guid: 0000000000000000d000000000000000, type: 0}
  m_NavMeshLayer: 0
  m_StaticEditorFlags: 0
  m_IsActive: 1
--- !u!4 &6130072461978016788
Transform:
  m_ObjectHideFlags: 0
  m_CorrespondingSourceObject: {fileID: 0}
  m_PrefabInstance: {fileID: 0}
  m_PrefabAsset: {fileID: 0}
  m_GameObject: {fileID: 6844354551567407964}
  m_LocalRotation: {x: -0, y: -0.9714244, z: -0, w: 0.23734918}
  m_LocalPosition: {x: 34.8, y: -3, z: 12.3}
  m_LocalScale: {x: 1, y: 1, z: 1}
  m_Children: []
  m_Father: {fileID: 2133809599383818132}
  m_RootOrder: 6
  m_LocalEulerAnglesHint: {x: 0, y: -152.54, z: 0}
--- !u!114 &3930726302824581087
MonoBehaviour:
  m_ObjectHideFlags: 0
  m_CorrespondingSourceObject: {fileID: 0}
  m_PrefabInstance: {fileID: 0}
  m_PrefabAsset: {fileID: 0}
  m_GameObject: {fileID: 6844354551567407964}
  m_Enabled: 1
  m_EditorHideFlags: 0
  m_Script: {fileID: 11500000, guid: 5852f10a92c8139408b4ec2274f5c7a3, type: 3}
  m_Name: 
  m_EditorClassIdentifier: 
  _animationName: idle
  _waitTime: {x: 0, y: 0}
--- !u!1 &6887327954680201531
GameObject:
  m_ObjectHideFlags: 0
  m_CorrespondingSourceObject: {fileID: 0}
  m_PrefabInstance: {fileID: 0}
  m_PrefabAsset: {fileID: 0}
  serializedVersion: 6
  m_Component:
  - component: {fileID: 2471208702973446494}
  - component: {fileID: 8020848590498631766}
  m_Layer: 0
  m_Name: path_03
  m_TagString: Untagged
  m_Icon: {fileID: 0}
  m_NavMeshLayer: 0
  m_StaticEditorFlags: 0
  m_IsActive: 1
--- !u!4 &2471208702973446494
Transform:
  m_ObjectHideFlags: 0
  m_CorrespondingSourceObject: {fileID: 0}
  m_PrefabInstance: {fileID: 0}
  m_PrefabAsset: {fileID: 0}
  m_GameObject: {fileID: 6887327954680201531}
  m_LocalRotation: {x: -0.000000021855694, y: -0, z: -0, w: 1}
  m_LocalPosition: {x: -39.7, y: 0, z: -32.7}
  m_LocalScale: {x: 1, y: 1, z: 1}
  m_Children:
  - {fileID: 5017935521792012369}
  - {fileID: 8347821874547360944}
  - {fileID: 3742860809655559894}
  - {fileID: 6829119247596847002}
  - {fileID: 2680064277798845762}
  - {fileID: 450571998288135066}
  - {fileID: 7342589661268080326}
  - {fileID: 6578341643708845082}
  - {fileID: 959110187213789967}
  - {fileID: 1629634110871937113}
  - {fileID: 8497537257477798215}
  - {fileID: 333228793013881972}
  - {fileID: 7219722245944512187}
  - {fileID: 2299776181963656500}
  m_Father: {fileID: 1982194894903881976}
  m_RootOrder: 4
  m_LocalEulerAnglesHint: {x: 0, y: 0, z: 0}
--- !u!114 &8020848590498631766
MonoBehaviour:
  m_ObjectHideFlags: 0
  m_CorrespondingSourceObject: {fileID: 0}
  m_PrefabInstance: {fileID: 0}
  m_PrefabAsset: {fileID: 0}
  m_GameObject: {fileID: 6887327954680201531}
  m_Enabled: 1
  m_EditorHideFlags: 0
  m_Script: {fileID: 11500000, guid: 219bf220f2d2a40429e128742e3ae418, type: 3}
  m_Name: 
  m_EditorClassIdentifier: 
  _points:
  - {fileID: 4815239050377356764}
  - {fileID: 2213778325661669027}
  - {fileID: 6024426235401806918}
  - {fileID: 304246132295743222}
  - {fileID: 2538634646514761266}
  - {fileID: 6662926116418336213}
  - {fileID: 8207293048385415029}
  - {fileID: 2961052570647923139}
  - {fileID: 2326083265815020734}
  - {fileID: 7139148021578296565}
  - {fileID: 8299560753558693732}
  - {fileID: 7749880544811431765}
  - {fileID: 7030016398467974012}
  - {fileID: 5917933171438588487}
  _alwaysDrawGizmos: 1
  _gizmoColor: {r: 1, g: 0.54593253, b: 0.23921567, a: 1}
--- !u!1 &7097132862351589464
GameObject:
  m_ObjectHideFlags: 0
  m_CorrespondingSourceObject: {fileID: 0}
  m_PrefabInstance: {fileID: 0}
  m_PrefabAsset: {fileID: 0}
  serializedVersion: 6
  m_Component:
  - component: {fileID: 3220955173475774559}
  - component: {fileID: 6135813521634130121}
  m_Layer: 0
  m_Name: Point (13)
  m_TagString: Untagged
  m_Icon: {fileID: -5442936267250999957, guid: 0000000000000000d000000000000000, type: 0}
  m_NavMeshLayer: 0
  m_StaticEditorFlags: 0
  m_IsActive: 1
--- !u!4 &3220955173475774559
Transform:
  m_ObjectHideFlags: 0
  m_CorrespondingSourceObject: {fileID: 0}
  m_PrefabInstance: {fileID: 0}
  m_PrefabAsset: {fileID: 0}
  m_GameObject: {fileID: 7097132862351589464}
  m_LocalRotation: {x: -0, y: -0.90790534, z: -0, w: 0.41917533}
  m_LocalPosition: {x: 41.7, y: -3, z: -10.7}
  m_LocalScale: {x: 1, y: 1, z: 1}
  m_Children: []
  m_Father: {fileID: 4173433331054332423}
  m_RootOrder: 13
  m_LocalEulerAnglesHint: {x: 0, y: -130.435, z: 0}
--- !u!114 &6135813521634130121
MonoBehaviour:
  m_ObjectHideFlags: 0
  m_CorrespondingSourceObject: {fileID: 0}
  m_PrefabInstance: {fileID: 0}
  m_PrefabAsset: {fileID: 0}
  m_GameObject: {fileID: 7097132862351589464}
  m_Enabled: 1
  m_EditorHideFlags: 0
  m_Script: {fileID: 11500000, guid: 5852f10a92c8139408b4ec2274f5c7a3, type: 3}
  m_Name: 
  m_EditorClassIdentifier: 
  _animationName: idle
  _waitTime: {x: 1, y: 2}
--- !u!1 &7256619192697096024
GameObject:
  m_ObjectHideFlags: 0
  m_CorrespondingSourceObject: {fileID: 0}
  m_PrefabInstance: {fileID: 0}
  m_PrefabAsset: {fileID: 0}
  serializedVersion: 6
  m_Component:
  - component: {fileID: 1982194894903881976}
  m_Layer: 0
  m_Name: Dino_Zone_B_Lvl_03
  m_TagString: Untagged
  m_Icon: {fileID: 0}
  m_NavMeshLayer: 0
  m_StaticEditorFlags: 0
  m_IsActive: 1
--- !u!4 &1982194894903881976
Transform:
  m_ObjectHideFlags: 0
  m_CorrespondingSourceObject: {fileID: 0}
  m_PrefabInstance: {fileID: 0}
  m_PrefabAsset: {fileID: 0}
  m_GameObject: {fileID: 7256619192697096024}
  m_LocalRotation: {x: 0.000000021855694, y: -0, z: -0, w: 1}
  m_LocalPosition: {x: 41.4, y: 0, z: 32.7}
  m_LocalScale: {x: -1, y: 1, z: 1}
  m_Children:
  - {fileID: 8624196985474371923}
  - {fileID: 696007400908931151}
  - {fileID: 2133809599383818132}
  - {fileID: 4173433331054332423}
  - {fileID: 2471208702973446494}
  m_Father: {fileID: 0}
  m_RootOrder: 0
  m_LocalEulerAnglesHint: {x: 0, y: 0, z: 0}
--- !u!1 &7264226271695537260
GameObject:
  m_ObjectHideFlags: 0
  m_CorrespondingSourceObject: {fileID: 0}
  m_PrefabInstance: {fileID: 0}
  m_PrefabAsset: {fileID: 0}
  serializedVersion: 6
  m_Component:
  - component: {fileID: 2299776181963656500}
  - component: {fileID: 5917933171438588487}
  m_Layer: 0
  m_Name: Point (13)
  m_TagString: Untagged
  m_Icon: {fileID: 7148428337604731935, guid: 0000000000000000d000000000000000, type: 0}
  m_NavMeshLayer: 0
  m_StaticEditorFlags: 0
  m_IsActive: 1
--- !u!4 &2299776181963656500
Transform:
  m_ObjectHideFlags: 0
  m_CorrespondingSourceObject: {fileID: 0}
  m_PrefabInstance: {fileID: 0}
  m_PrefabAsset: {fileID: 0}
  m_GameObject: {fileID: 7264226271695537260}
  m_LocalRotation: {x: -0, y: -0.90790534, z: -0, w: 0.41917533}
  m_LocalPosition: {x: 46.6, y: -3, z: 17.2}
  m_LocalScale: {x: 1, y: 1, z: 1}
  m_Children: []
  m_Father: {fileID: 2471208702973446494}
  m_RootOrder: 13
  m_LocalEulerAnglesHint: {x: 0, y: -130.435, z: 0}
--- !u!114 &5917933171438588487
MonoBehaviour:
  m_ObjectHideFlags: 0
  m_CorrespondingSourceObject: {fileID: 0}
  m_PrefabInstance: {fileID: 0}
  m_PrefabAsset: {fileID: 0}
  m_GameObject: {fileID: 7264226271695537260}
  m_Enabled: 1
  m_EditorHideFlags: 0
  m_Script: {fileID: 11500000, guid: 5852f10a92c8139408b4ec2274f5c7a3, type: 3}
  m_Name: 
  m_EditorClassIdentifier: 
  _animationName: idle
  _waitTime: {x: 1, y: 2}
--- !u!1 &7774991855863098876
GameObject:
  m_ObjectHideFlags: 0
  m_CorrespondingSourceObject: {fileID: 0}
  m_PrefabInstance: {fileID: 0}
  m_PrefabAsset: {fileID: 0}
  serializedVersion: 6
  m_Component:
  - component: {fileID: 8092578783464562820}
  - component: {fileID: 6872957920080332699}
  m_Layer: 0
  m_Name: Point (8)
  m_TagString: Untagged
  m_Icon: {fileID: -5442936267250999957, guid: 0000000000000000d000000000000000, type: 0}
  m_NavMeshLayer: 0
  m_StaticEditorFlags: 0
  m_IsActive: 1
--- !u!4 &8092578783464562820
Transform:
  m_ObjectHideFlags: 0
  m_CorrespondingSourceObject: {fileID: 0}
  m_PrefabInstance: {fileID: 0}
  m_PrefabAsset: {fileID: 0}
  m_GameObject: {fileID: 7774991855863098876}
  m_LocalRotation: {x: -0, y: -0.90790534, z: -0, w: 0.41917533}
  m_LocalPosition: {x: 27.6, y: -3, z: 18.7}
  m_LocalScale: {x: 1, y: 1, z: 1}
  m_Children: []
  m_Father: {fileID: 4173433331054332423}
  m_RootOrder: 8
  m_LocalEulerAnglesHint: {x: 0, y: -130.435, z: 0}
--- !u!114 &6872957920080332699
MonoBehaviour:
  m_ObjectHideFlags: 0
  m_CorrespondingSourceObject: {fileID: 0}
  m_PrefabInstance: {fileID: 0}
  m_PrefabAsset: {fileID: 0}
  m_GameObject: {fileID: 7774991855863098876}
  m_Enabled: 1
  m_EditorHideFlags: 0
  m_Script: {fileID: 11500000, guid: 5852f10a92c8139408b4ec2274f5c7a3, type: 3}
  m_Name: 
  m_EditorClassIdentifier: 
  _animationName: idle
  _waitTime: {x: 1, y: 2}
--- !u!1 &8003496717541895529
GameObject:
  m_ObjectHideFlags: 0
  m_CorrespondingSourceObject: {fileID: 0}
  m_PrefabInstance: {fileID: 0}
  m_PrefabAsset: {fileID: 0}
  serializedVersion: 6
  m_Component:
  - component: {fileID: 272332048443088041}
  - component: {fileID: 2382496850192569979}
  m_Layer: 0
  m_Name: Point (12)
  m_TagString: Untagged
  m_Icon: {fileID: -5442936267250999957, guid: 0000000000000000d000000000000000, type: 0}
  m_NavMeshLayer: 0
  m_StaticEditorFlags: 0
  m_IsActive: 1
--- !u!4 &272332048443088041
Transform:
  m_ObjectHideFlags: 0
  m_CorrespondingSourceObject: {fileID: 0}
  m_PrefabInstance: {fileID: 0}
  m_PrefabAsset: {fileID: 0}
  m_GameObject: {fileID: 8003496717541895529}
  m_LocalRotation: {x: -0, y: -0.90790534, z: -0, w: 0.41917533}
  m_LocalPosition: {x: 45.8, y: -3, z: -25.9}
  m_LocalScale: {x: 1, y: 1, z: 1}
  m_Children: []
  m_Father: {fileID: 4173433331054332423}
  m_RootOrder: 12
  m_LocalEulerAnglesHint: {x: 0, y: -130.435, z: 0}
--- !u!114 &2382496850192569979
MonoBehaviour:
  m_ObjectHideFlags: 0
  m_CorrespondingSourceObject: {fileID: 0}
  m_PrefabInstance: {fileID: 0}
  m_PrefabAsset: {fileID: 0}
  m_GameObject: {fileID: 8003496717541895529}
  m_Enabled: 1
  m_EditorHideFlags: 0
  m_Script: {fileID: 11500000, guid: 5852f10a92c8139408b4ec2274f5c7a3, type: 3}
  m_Name: 
  m_EditorClassIdentifier: 
  _animationName: idle
  _waitTime: {x: 1, y: 2}
--- !u!1 &8008135269547548577
GameObject:
  m_ObjectHideFlags: 0
  m_CorrespondingSourceObject: {fileID: 0}
  m_PrefabInstance: {fileID: 0}
  m_PrefabAsset: {fileID: 0}
  serializedVersion: 6
  m_Component:
  - component: {fileID: 390535685842052961}
  - component: {fileID: 2166837254131185698}
  m_Layer: 0
  m_Name: Point (4)
  m_TagString: Untagged
  m_Icon: {fileID: 7422848464349959988, guid: 0000000000000000d000000000000000, type: 0}
  m_NavMeshLayer: 0
  m_StaticEditorFlags: 0
  m_IsActive: 1
--- !u!4 &390535685842052961
Transform:
  m_ObjectHideFlags: 0
  m_CorrespondingSourceObject: {fileID: 0}
  m_PrefabInstance: {fileID: 0}
  m_PrefabAsset: {fileID: 0}
  m_GameObject: {fileID: 8008135269547548577}
  m_LocalRotation: {x: -0, y: -0.9714244, z: -0, w: 0.23734918}
  m_LocalPosition: {x: 37, y: -3, z: 3.1}
  m_LocalScale: {x: 1, y: 1, z: 1}
  m_Children: []
  m_Father: {fileID: 2133809599383818132}
  m_RootOrder: 4
  m_LocalEulerAnglesHint: {x: 0, y: -152.54, z: 0}
--- !u!114 &2166837254131185698
MonoBehaviour:
  m_ObjectHideFlags: 0
  m_CorrespondingSourceObject: {fileID: 0}
  m_PrefabInstance: {fileID: 0}
  m_PrefabAsset: {fileID: 0}
  m_GameObject: {fileID: 8008135269547548577}
  m_Enabled: 1
  m_EditorHideFlags: 0
  m_Script: {fileID: 11500000, guid: 5852f10a92c8139408b4ec2274f5c7a3, type: 3}
  m_Name: 
  m_EditorClassIdentifier: 
  _animationName: idle
  _waitTime: {x: 1, y: 2}
--- !u!1 &8161412695264019464
GameObject:
  m_ObjectHideFlags: 0
  m_CorrespondingSourceObject: {fileID: 0}
  m_PrefabInstance: {fileID: 0}
  m_PrefabAsset: {fileID: 0}
  serializedVersion: 6
  m_Component:
  - component: {fileID: 1629634110871937113}
  - component: {fileID: 7139148021578296565}
  m_Layer: 0
  m_Name: Point (9)
  m_TagString: Untagged
  m_Icon: {fileID: 7148428337604731935, guid: 0000000000000000d000000000000000, type: 0}
  m_NavMeshLayer: 0
  m_StaticEditorFlags: 0
  m_IsActive: 1
--- !u!4 &1629634110871937113
Transform:
  m_ObjectHideFlags: 0
  m_CorrespondingSourceObject: {fileID: 0}
  m_PrefabInstance: {fileID: 0}
  m_PrefabAsset: {fileID: 0}
  m_GameObject: {fileID: 8161412695264019464}
  m_LocalRotation: {x: -0, y: -0.90790534, z: -0, w: 0.41917533}
  m_LocalPosition: {x: 25.4, y: -3, z: -11.7}
  m_LocalScale: {x: 1, y: 1, z: 1}
  m_Children: []
  m_Father: {fileID: 2471208702973446494}
  m_RootOrder: 9
  m_LocalEulerAnglesHint: {x: 0, y: -130.435, z: 0}
--- !u!114 &7139148021578296565
MonoBehaviour:
  m_ObjectHideFlags: 0
  m_CorrespondingSourceObject: {fileID: 0}
  m_PrefabInstance: {fileID: 0}
  m_PrefabAsset: {fileID: 0}
  m_GameObject: {fileID: 8161412695264019464}
  m_Enabled: 1
  m_EditorHideFlags: 0
  m_Script: {fileID: 11500000, guid: 5852f10a92c8139408b4ec2274f5c7a3, type: 3}
  m_Name: 
  m_EditorClassIdentifier: 
  _animationName: idle
  _waitTime: {x: 1, y: 2}
--- !u!1 &8307636209224309769
GameObject:
  m_ObjectHideFlags: 0
  m_CorrespondingSourceObject: {fileID: 0}
  m_PrefabInstance: {fileID: 0}
  m_PrefabAsset: {fileID: 0}
  serializedVersion: 6
  m_Component:
  - component: {fileID: 4173433331054332423}
  - component: {fileID: 7964035703061212125}
  m_Layer: 0
  m_Name: path_02
  m_TagString: Untagged
  m_Icon: {fileID: 0}
  m_NavMeshLayer: 0
  m_StaticEditorFlags: 0
  m_IsActive: 1
--- !u!4 &4173433331054332423
Transform:
  m_ObjectHideFlags: 0
  m_CorrespondingSourceObject: {fileID: 0}
  m_PrefabInstance: {fileID: 0}
  m_PrefabAsset: {fileID: 0}
  m_GameObject: {fileID: 8307636209224309769}
  m_LocalRotation: {x: -0.000000021855694, y: -0, z: -0, w: 1}
  m_LocalPosition: {x: -39.7, y: 0, z: -32.7}
  m_LocalScale: {x: 1, y: 1, z: 1}
  m_Children:
  - {fileID: 7854200227555121897}
  - {fileID: 8851388793093042132}
  - {fileID: 3311068752214906976}
  - {fileID: 1055821357867568986}
  - {fileID: 990183480766891530}
  - {fileID: 7568057155346962109}
  - {fileID: 4031653837221093527}
  - {fileID: 8145734871590883625}
  - {fileID: 8092578783464562820}
  - {fileID: 5976460387549304898}
  - {fileID: 8908810082108418367}
  - {fileID: 4684698338266114006}
  - {fileID: 272332048443088041}
  - {fileID: 3220955173475774559}
  m_Father: {fileID: 1982194894903881976}
  m_RootOrder: 3
  m_LocalEulerAnglesHint: {x: 0, y: 0, z: 0}
--- !u!114 &7964035703061212125
MonoBehaviour:
  m_ObjectHideFlags: 0
  m_CorrespondingSourceObject: {fileID: 0}
  m_PrefabInstance: {fileID: 0}
  m_PrefabAsset: {fileID: 0}
  m_GameObject: {fileID: 8307636209224309769}
  m_Enabled: 1
  m_EditorHideFlags: 0
  m_Script: {fileID: 11500000, guid: 219bf220f2d2a40429e128742e3ae418, type: 3}
  m_Name: 
  m_EditorClassIdentifier: 
  _points:
  - {fileID: 2073798066525655559}
  - {fileID: 7389478414395343759}
  - {fileID: 8529062687236021747}
  - {fileID: 7268495610166945239}
  - {fileID: 7669143200501487303}
  - {fileID: 8235073014848855383}
  - {fileID: 31035399115926783}
  - {fileID: 9162716138934052778}
  - {fileID: 6872957920080332699}
  - {fileID: 4630462037972694449}
  - {fileID: 8274374943817624757}
  - {fileID: 4156793470578390229}
  - {fileID: 2382496850192569979}
  - {fileID: 6135813521634130121}
  _alwaysDrawGizmos: 1
  _gizmoColor: {r: 1, g: 0.24056602, b: 0.24056602, a: 1}
--- !u!1 &8347321462628619568
GameObject:
  m_ObjectHideFlags: 0
  m_CorrespondingSourceObject: {fileID: 0}
  m_PrefabInstance: {fileID: 0}
  m_PrefabAsset: {fileID: 0}
  serializedVersion: 6
  m_Component:
  - component: {fileID: 1055821357867568986}
  - component: {fileID: 7268495610166945239}
  m_Layer: 0
  m_Name: Point (3)
  m_TagString: Untagged
  m_Icon: {fileID: -5442936267250999957, guid: 0000000000000000d000000000000000, type: 0}
  m_NavMeshLayer: 0
  m_StaticEditorFlags: 0
  m_IsActive: 1
--- !u!4 &1055821357867568986
Transform:
  m_ObjectHideFlags: 0
  m_CorrespondingSourceObject: {fileID: 0}
  m_PrefabInstance: {fileID: 0}
  m_PrefabAsset: {fileID: 0}
  m_GameObject: {fileID: 8347321462628619568}
  m_LocalRotation: {x: -0, y: -0.90790534, z: -0, w: 0.41917533}
  m_LocalPosition: {x: 44.3, y: -3, z: 1.7}
  m_LocalScale: {x: 1, y: 1, z: 1}
  m_Children: []
  m_Father: {fileID: 4173433331054332423}
  m_RootOrder: 3
  m_LocalEulerAnglesHint: {x: 0, y: -130.435, z: 0}
--- !u!114 &7268495610166945239
MonoBehaviour:
  m_ObjectHideFlags: 0
  m_CorrespondingSourceObject: {fileID: 0}
  m_PrefabInstance: {fileID: 0}
  m_PrefabAsset: {fileID: 0}
  m_GameObject: {fileID: 8347321462628619568}
  m_Enabled: 1
  m_EditorHideFlags: 0
  m_Script: {fileID: 11500000, guid: 5852f10a92c8139408b4ec2274f5c7a3, type: 3}
  m_Name: 
  m_EditorClassIdentifier: 
  _animationName: idle
  _waitTime: {x: 2, y: 5}
--- !u!1 &8695348719248252364
GameObject:
  m_ObjectHideFlags: 0
  m_CorrespondingSourceObject: {fileID: 0}
  m_PrefabInstance: {fileID: 0}
  m_PrefabAsset: {fileID: 0}
  serializedVersion: 6
  m_Component:
  - component: {fileID: 7219722245944512187}
  - component: {fileID: 7030016398467974012}
  m_Layer: 0
  m_Name: Point (12)
  m_TagString: Untagged
  m_Icon: {fileID: 7148428337604731935, guid: 0000000000000000d000000000000000, type: 0}
  m_NavMeshLayer: 0
  m_StaticEditorFlags: 0
  m_IsActive: 1
--- !u!4 &7219722245944512187
Transform:
  m_ObjectHideFlags: 0
  m_CorrespondingSourceObject: {fileID: 0}
  m_PrefabInstance: {fileID: 0}
  m_PrefabAsset: {fileID: 0}
  m_GameObject: {fileID: 8695348719248252364}
  m_LocalRotation: {x: -0, y: -0.90790534, z: -0, w: 0.41917533}
  m_LocalPosition: {x: 34.6, y: -3, z: 16.6}
  m_LocalScale: {x: 1, y: 1, z: 1}
  m_Children: []
  m_Father: {fileID: 2471208702973446494}
  m_RootOrder: 12
  m_LocalEulerAnglesHint: {x: 0, y: -130.435, z: 0}
--- !u!114 &7030016398467974012
MonoBehaviour:
  m_ObjectHideFlags: 0
  m_CorrespondingSourceObject: {fileID: 0}
  m_PrefabInstance: {fileID: 0}
  m_PrefabAsset: {fileID: 0}
  m_GameObject: {fileID: 8695348719248252364}
  m_Enabled: 1
  m_EditorHideFlags: 0
  m_Script: {fileID: 11500000, guid: 5852f10a92c8139408b4ec2274f5c7a3, type: 3}
  m_Name: 
  m_EditorClassIdentifier: 
  _animationName: idle
  _waitTime: {x: 1, y: 2}
--- !u!1 &9152179832209192832
GameObject:
  m_ObjectHideFlags: 0
  m_CorrespondingSourceObject: {fileID: 0}
  m_PrefabInstance: {fileID: 0}
  m_PrefabAsset: {fileID: 0}
  serializedVersion: 6
  m_Component:
  - component: {fileID: 5017935521792012369}
  - component: {fileID: 4815239050377356764}
  m_Layer: 0
  m_Name: Point
  m_TagString: Untagged
  m_Icon: {fileID: 7148428337604731935, guid: 0000000000000000d000000000000000, type: 0}
  m_NavMeshLayer: 0
  m_StaticEditorFlags: 0
  m_IsActive: 1
--- !u!4 &5017935521792012369
Transform:
  m_ObjectHideFlags: 0
  m_CorrespondingSourceObject: {fileID: 0}
  m_PrefabInstance: {fileID: 0}
  m_PrefabAsset: {fileID: 0}
  m_GameObject: {fileID: 9152179832209192832}
  m_LocalRotation: {x: -0, y: -0.90790534, z: -0, w: 0.41917533}
  m_LocalPosition: {x: 39.4, y: -3, z: -25.8}
  m_LocalScale: {x: 1, y: 1, z: 1}
  m_Children: []
  m_Father: {fileID: 2471208702973446494}
  m_RootOrder: 0
  m_LocalEulerAnglesHint: {x: 0, y: -130.435, z: 0}
--- !u!114 &4815239050377356764
MonoBehaviour:
  m_ObjectHideFlags: 0
  m_CorrespondingSourceObject: {fileID: 0}
  m_PrefabInstance: {fileID: 0}
  m_PrefabAsset: {fileID: 0}
  m_GameObject: {fileID: 9152179832209192832}
  m_Enabled: 1
  m_EditorHideFlags: 0
  m_Script: {fileID: 11500000, guid: 5852f10a92c8139408b4ec2274f5c7a3, type: 3}
  m_Name: 
  m_EditorClassIdentifier: 
  _animationName: idle
  _waitTime: {x: 1, y: 1}
--- !u!1001 &205990647424997533
PrefabInstance:
  m_ObjectHideFlags: 0
  serializedVersion: 2
  m_Modification:
    m_TransformParent: {fileID: 696007400908931151}
    m_Modifications:
    - target: {fileID: 273759275470059222, guid: 9279cd5337e3ccb4b93020a5b0099125, type: 3}
      propertyPath: m_RootOrder
      value: 0
      objectReference: {fileID: 0}
    - target: {fileID: 273759275470059222, guid: 9279cd5337e3ccb4b93020a5b0099125, type: 3}
      propertyPath: m_LocalPosition.x
      value: -20.2
      objectReference: {fileID: 0}
    - target: {fileID: 273759275470059222, guid: 9279cd5337e3ccb4b93020a5b0099125, type: 3}
      propertyPath: m_LocalPosition.y
      value: 1.8516351
      objectReference: {fileID: 0}
    - target: {fileID: 273759275470059222, guid: 9279cd5337e3ccb4b93020a5b0099125, type: 3}
      propertyPath: m_LocalPosition.z
      value: -21.900002
      objectReference: {fileID: 0}
    - target: {fileID: 273759275470059222, guid: 9279cd5337e3ccb4b93020a5b0099125, type: 3}
      propertyPath: m_LocalRotation.w
      value: 1
      objectReference: {fileID: 0}
    - target: {fileID: 273759275470059222, guid: 9279cd5337e3ccb4b93020a5b0099125, type: 3}
      propertyPath: m_LocalRotation.x
      value: -0.000000021855694
      objectReference: {fileID: 0}
    - target: {fileID: 273759275470059222, guid: 9279cd5337e3ccb4b93020a5b0099125, type: 3}
      propertyPath: m_LocalRotation.y
      value: -0
      objectReference: {fileID: 0}
    - target: {fileID: 273759275470059222, guid: 9279cd5337e3ccb4b93020a5b0099125, type: 3}
      propertyPath: m_LocalRotation.z
      value: -0
      objectReference: {fileID: 0}
    - target: {fileID: 273759275470059222, guid: 9279cd5337e3ccb4b93020a5b0099125, type: 3}
      propertyPath: m_LocalEulerAnglesHint.x
      value: 0
      objectReference: {fileID: 0}
    - target: {fileID: 273759275470059222, guid: 9279cd5337e3ccb4b93020a5b0099125, type: 3}
      propertyPath: m_LocalEulerAnglesHint.y
      value: 0
      objectReference: {fileID: 0}
    - target: {fileID: 273759275470059222, guid: 9279cd5337e3ccb4b93020a5b0099125, type: 3}
      propertyPath: m_LocalEulerAnglesHint.z
      value: 0
      objectReference: {fileID: 0}
    - target: {fileID: 7505063999993107711, guid: 9279cd5337e3ccb4b93020a5b0099125, type: 3}
      propertyPath: m_Name
      value: palm_forest_01 (1)
      objectReference: {fileID: 0}
    m_RemovedComponents: []
  m_SourcePrefab: {fileID: 100100000, guid: 9279cd5337e3ccb4b93020a5b0099125, type: 3}
--- !u!4 &78608464293506635 stripped
Transform:
  m_CorrespondingSourceObject: {fileID: 273759275470059222, guid: 9279cd5337e3ccb4b93020a5b0099125, type: 3}
  m_PrefabInstance: {fileID: 205990647424997533}
  m_PrefabAsset: {fileID: 0}
--- !u!1001 &2768674111365957404
PrefabInstance:
  m_ObjectHideFlags: 0
  serializedVersion: 2
  m_Modification:
    m_TransformParent: {fileID: 1982194894903881976}
    m_Modifications:
    - target: {fileID: 5891556140402611791, guid: e9b29269eda129f44b11bb2b66e82df6, type: 3}
      propertyPath: m_RootOrder
      value: 0
      objectReference: {fileID: 0}
    - target: {fileID: 5891556140402611791, guid: e9b29269eda129f44b11bb2b66e82df6, type: 3}
      propertyPath: m_LocalScale.z
      value: -1
      objectReference: {fileID: 0}
    - target: {fileID: 5891556140402611791, guid: e9b29269eda129f44b11bb2b66e82df6, type: 3}
      propertyPath: m_LocalPosition.x
      value: 0
      objectReference: {fileID: 0}
    - target: {fileID: 5891556140402611791, guid: e9b29269eda129f44b11bb2b66e82df6, type: 3}
      propertyPath: m_LocalPosition.y
      value: 0
      objectReference: {fileID: 0}
    - target: {fileID: 5891556140402611791, guid: e9b29269eda129f44b11bb2b66e82df6, type: 3}
      propertyPath: m_LocalPosition.z
      value: -74.545
      objectReference: {fileID: 0}
    - target: {fileID: 5891556140402611791, guid: e9b29269eda129f44b11bb2b66e82df6, type: 3}
      propertyPath: m_LocalRotation.w
      value: 1
      objectReference: {fileID: 0}
    - target: {fileID: 5891556140402611791, guid: e9b29269eda129f44b11bb2b66e82df6, type: 3}
      propertyPath: m_LocalRotation.x
      value: -0
      objectReference: {fileID: 0}
    - target: {fileID: 5891556140402611791, guid: e9b29269eda129f44b11bb2b66e82df6, type: 3}
      propertyPath: m_LocalRotation.y
      value: -0
      objectReference: {fileID: 0}
    - target: {fileID: 5891556140402611791, guid: e9b29269eda129f44b11bb2b66e82df6, type: 3}
      propertyPath: m_LocalRotation.z
      value: -0
      objectReference: {fileID: 0}
    - target: {fileID: 5891556140402611791, guid: e9b29269eda129f44b11bb2b66e82df6, type: 3}
      propertyPath: m_LocalEulerAnglesHint.x
      value: 0
      objectReference: {fileID: 0}
    - target: {fileID: 5891556140402611791, guid: e9b29269eda129f44b11bb2b66e82df6, type: 3}
      propertyPath: m_LocalEulerAnglesHint.y
      value: 0
      objectReference: {fileID: 0}
    - target: {fileID: 5891556140402611791, guid: e9b29269eda129f44b11bb2b66e82df6, type: 3}
      propertyPath: m_LocalEulerAnglesHint.z
      value: 0
      objectReference: {fileID: 0}
    - target: {fileID: 9175169824969657057, guid: e9b29269eda129f44b11bb2b66e82df6, type: 3}
      propertyPath: m_Name
      value: Fences
      objectReference: {fileID: 0}
    m_RemovedComponents: []
  m_SourcePrefab: {fileID: 100100000, guid: e9b29269eda129f44b11bb2b66e82df6, type: 3}
--- !u!4 &8624196985474371923 stripped
Transform:
  m_CorrespondingSourceObject: {fileID: 5891556140402611791, guid: e9b29269eda129f44b11bb2b66e82df6, type: 3}
  m_PrefabInstance: {fileID: 2768674111365957404}
  m_PrefabAsset: {fileID: 0}
--- !u!1001 &7231732493869449781
PrefabInstance:
  m_ObjectHideFlags: 0
  serializedVersion: 2
  m_Modification:
    m_TransformParent: {fileID: 696007400908931151}
    m_Modifications:
    - target: {fileID: 273759275470059222, guid: 9279cd5337e3ccb4b93020a5b0099125, type: 3}
      propertyPath: m_RootOrder
      value: 1
      objectReference: {fileID: 0}
    - target: {fileID: 273759275470059222, guid: 9279cd5337e3ccb4b93020a5b0099125, type: 3}
      propertyPath: m_LocalPosition.x
      value: 16.699997
      objectReference: {fileID: 0}
    - target: {fileID: 273759275470059222, guid: 9279cd5337e3ccb4b93020a5b0099125, type: 3}
      propertyPath: m_LocalPosition.y
      value: 1.8516335
      objectReference: {fileID: 0}
    - target: {fileID: 273759275470059222, guid: 9279cd5337e3ccb4b93020a5b0099125, type: 3}
      propertyPath: m_LocalPosition.z
      value: -53.7
      objectReference: {fileID: 0}
    - target: {fileID: 273759275470059222, guid: 9279cd5337e3ccb4b93020a5b0099125, type: 3}
      propertyPath: m_LocalRotation.w
      value: 1
      objectReference: {fileID: 0}
    - target: {fileID: 273759275470059222, guid: 9279cd5337e3ccb4b93020a5b0099125, type: 3}
      propertyPath: m_LocalRotation.x
      value: -0.000000021855694
      objectReference: {fileID: 0}
    - target: {fileID: 273759275470059222, guid: 9279cd5337e3ccb4b93020a5b0099125, type: 3}
      propertyPath: m_LocalRotation.y
      value: -0
      objectReference: {fileID: 0}
    - target: {fileID: 273759275470059222, guid: 9279cd5337e3ccb4b93020a5b0099125, type: 3}
      propertyPath: m_LocalRotation.z
      value: -0
      objectReference: {fileID: 0}
    - target: {fileID: 273759275470059222, guid: 9279cd5337e3ccb4b93020a5b0099125, type: 3}
      propertyPath: m_LocalEulerAnglesHint.x
      value: 0
      objectReference: {fileID: 0}
    - target: {fileID: 273759275470059222, guid: 9279cd5337e3ccb4b93020a5b0099125, type: 3}
      propertyPath: m_LocalEulerAnglesHint.y
      value: 0
      objectReference: {fileID: 0}
    - target: {fileID: 273759275470059222, guid: 9279cd5337e3ccb4b93020a5b0099125, type: 3}
      propertyPath: m_LocalEulerAnglesHint.z
      value: 0
      objectReference: {fileID: 0}
    - target: {fileID: 7505063999993107711, guid: 9279cd5337e3ccb4b93020a5b0099125, type: 3}
      propertyPath: m_Name
      value: palm_forest_01
      objectReference: {fileID: 0}
    m_RemovedComponents: []
  m_SourcePrefab: {fileID: 100100000, guid: 9279cd5337e3ccb4b93020a5b0099125, type: 3}
--- !u!4 &7462694376588801251 stripped
Transform:
  m_CorrespondingSourceObject: {fileID: 273759275470059222, guid: 9279cd5337e3ccb4b93020a5b0099125, type: 3}
  m_PrefabInstance: {fileID: 7231732493869449781}
  m_PrefabAsset: {fileID: 0}
